@book{Dorbin,
author={Dobrin, M. and Savit, C.},
title={{I}ntroduction to {G}eophysical {P}rospecting},
edition={4th},
publisher={McGraw-Hill},
year=1988}

@book{claerbout,
  title={Basic {E}arth {I}maging},
  author={Claerbout, J. F. and Black, J. L.},
  publisher={Stanford University},
  year={2008}
}

@article{symes,
author={Symes, W. W. and Nolan, C. J.},
title={Global solution of a linearized inverse problem for the wave equation},
journal={Communications in Partial Differential Equations},
volume={22},
pages={919--952},
year={1997},
publisher={Taylor \& Francis}
}

@article{tarantola1982inverse,
  title={Inverse problems = quest for information},
  author={Tarantola, Albert and Valette, Bernard},
  journal={Journal of Geophysics},
  volume={50},
  number={3},
  pages={150--170},
  year={1982}
}


@book{drazin,
  title =	 {Solitons: An Introduction},
  author =	 {Drazin, Philip G. and Johnson, Robin S.},
  volume =	 2,
  year =	 {1989},
  series =       {Cambridge Texts in Applied Mathematics},
  publisher =	 {Cambridge University Press},
  address =      {Cambridge}
}

@article{Rakesh,
author={Miller, D. and Oristaglio, M. and Beylkin, G.},
title={A new slant on seismic imaging},
journal={Geophysics},
volume={52},
pages={943--964},
year=1987}

@article{siltanen,
  author =	 {Niemi, E. and Lassas, M. and Kallonen, A. and
                  Harhanen, L. and H\"am\"al\"ainen, K. and Siltanen,
                  S.},
  title =	 {Dynamic multi-source {X}-ray tomography using a
                  spacetime level set method},
  year =	 2014,
  note =	 {Available online at:
                  http://www.siltanen-research.net/HHKLNS$\_$v12.pdf}
}

@article{Ritman,
author={Ritman, E. L.},
title={Cardiac computed tomography imaging: a history and some future possibilities},
year={2003},
journal={Cardiology Clinics},
volume={21},
number={4},
pages={491--513}
}

@book{Natterer,
author={Natterer, F.},
title={Mathematics of {C}omputerized {T}omography},
series={Classics in {A}pplied {M}athematics},
volume={32},
publisher={SIAM},
year={2001}
}

@article{Kalender,
author={Kalender, W. A.},
title={X-ray computed tomography},
journal={Physics in Medicine and Biology},
volume={51},
year={2006},
number={13},
pages={R29-R43}
}


@article{Cheney,
author={Cheney, M. and Isaacson, D. and Newell, J. C.},
title={Electrical impedance tomography},
year={1999},
journal={SIAM Review},
volume={41},
issue={1},
pages={85-101}
}

@article{Kolehmainen,
author={Liu, D. and Kolehmainen, V. and Siltanen, S. and Seppanen, A.},
title={Estimation of conductivity changes in a region of interest with electrical impedance tomography},
year={2014},
note={Available online at: http://arxiv.org/abs/1403.6587}
}

@incollection{costa,
  title={Electrical impedance tomography},
  author={Costa, E. and Lima, R. and Amato, M.},
  booktitle={Intensive {C}are {M}edicine},
  pages={394--404},
  year={2009},
  publisher={Springer}
}

@article{boas,
  title={Imaging the body with diffuse optical tomography},
  author={Boas, D. A. and Brooks, D. H. and Miller, E. L. and DiMarzio,
                  Ch. A. and Kilmer, M. and Gaudette, R. J. and Zhang,
                  Q.}, 
  journal={IEEE Signal Processing Magazine}, 
  volume={18},
  number={6},
  pages={57--75},
  year={2001},
  publisher={IEEE}
}

@book{kabanikhin,
  title={Inverse and {I}ll-posed {P}roblems: {T}heory and {A}pplications},
  author={Kabanikhin, S. I.},
  volume={55},
  series = {Inverse and {I}ll-posed {P}roblems}, 
  year={2011},
  publisher={{D}e {G}ruyter},
  address={Berlin}
}

@book{hadamard,
  title={Lectures on Cauchy's problem in linear partial differential equations},
  author={Hadamard, Jacques},
  year={2014},
  publisher={Dover Publications Inc.},
  address={New York}
}

@book{engl,
  title={Regularization of inverse problems},
  author={Engl, Heinz Werner and Hanke, Martin and Neubauer, Andreas},
  volume={375},
  series={Mathematics and Its Applications},
  year={1996},
  publisher={Kluwer Academic Publishers},
  address={Boston}
}

@book{kirsch,
  title={An {I}ntroduction to the {M}athematical {T}heory of {I}nverse {P}roblems},
  author={Kirsch, A.},
  series={Applied {M}athematical {S}ciences},
  volume={120},
  year={2011},
  publisher={Springer}
}

@book{engl,
  title={{R}egularization of {I}nverse {P}roblems},
  author={Engl, H. W. and Hanke, M. and Neubauer, A.},
  series={Mathematics and {I}ts {A}pplications},
  year={2000},
  publisher={{K}luwer {A}cademic {P}ublishers}
}

@book{Boyd,
  title={{C}onvex {O}ptimization},
  author={Boyd, S. and Vandenberghe, L.},
  year={2009},
  publisher={{C}ambridge {U}niversity {P}ress},
  address={Cambridge}
}



@article{symes,
  title={Migration velocity analysis and waveform inversion},
  author={Symes, William W},
  journal={Geophysical prospecting},
  volume={56},
  number={6},
  pages={765--790},
  year={2008},
  publisher={Wiley Online Library}
}

@article{symes-seismic,
  title={The seismic reflection inverse problem},
  author={Symes, WW},
  journal={Inverse Problems},
  volume={25},
  number={12},
  pages={123008},
  year={2009},
  publisher={IOP Publishing}
}

@article{abubakar,
  title={Inversion algorithms for large-scale geophysical electromagnetic measurements},
  author={Abubakar, A and Habashy, TM and Li, M and Liu, J},
  journal={Inverse Problems},
  volume={25},
  number={12},
  pages={123012},
  year={2009},
  publisher={IOP Publishing}
}

@article{oldenburg,
  title={Three dimensional inversion of multisource time domain electromagnetic data},
  author={Oldenburg, Douglas W and Haber, Eldad and Shekhtman, Roman},
  journal={Geophysics},
  volume={78},
  number={1},
  pages={E47--E57},
  year={2013},
  publisher={Society of Exploration Geophysicists}
}

@article{arridge-optical,
  title={Optical tomography in medical imaging},
  author={Arridge, Simon R},
  journal={Inverse problems},
  volume={15},
  number={2},
  pages={R41},
  year={1999},
  publisher={IOP Publishing}
}

@book{holder-EIT,
  title={Electrical impedance tomography: methods, history and applications},
  author={Holder, David S},
  year={2004},
  publisher={Institute of Physics Publishing},
  address={Bristol}
}

@article{niemi,
  title={Dynamic multi-source {X}-ray tomography using a spacetime level set method},
  author={Niemi, Esa and Lassas, Matti and Kallonen, Aki and Harhanen, Lauri and H{\"a}m{\"a}l{\"a}inen, Keijo and Siltanen, Samuli},
  journal={Journal of Computational Physics},
  volume={291},
  pages={218--237},
  year={2015},
  publisher={Elsevier}
}

@article{haber-3D-inversion,
  title={Inversion of {3D} electromagnetic data in frequency and time domain using an inexact all-at-once approach},
  author={Haber, Eldad and Ascher, Uri M and Oldenburg, Douglas W},
  journal={Geophysics},
  volume={69},
  number={5},
  pages={1216--1228},
  year={2004},
  publisher={Society of Exploration Geophysicists}
}

@article{tikhonov,
  title={Solution of incorrectly formulated problems and the regularization method},
  author={Tikhonov, Andrey},
  journal={Soviet Mathematics},
  volume={4},
  pages={1035--1038},
  year={1963}
}

@book{Nocedal,
  title={{N}umerical {O}ptimization},
  author={ Nocedal, J. and Wright, S. J.},
  edition={2nd},
  year={2006},
  publisher={Springer},
  address={New York}
}


@book{vogel,
  title={{C}omputational methods for inverse problems},
  author={Vogel, C. R},
  year={2002},
  publisher={{SIAM, Philadelphia}},
  doi={10.1137/1.9780898717570.bm}
}

@article{eldad,
  title={On optimization techniques for solving nonlinear inverse problems},
  author={Haber, E. and Ascher, U. M. and Oldenburg, D.},
  journal={Inverse {P}roblems},
  volume={16},
  number={5},
  pages={1263},
  year={2000},
  publisher={IOP Publishing}
}

@book{borz,
  title =	 {Computational {O}ptimization of {S}ystems {G}overned by
                  {P}artial {D}ifferential {E}quations},
  author =	 {Borz, A. and Schulz, V.},
  year =	 2012,
  publisher =	 {{SIAM}}
}

@book{biegler,
  title={{L}arge-{S}cale {PDE}-{C}onstrained {O}ptimization},
  author={Biegler, L. T. and Ghattas, O. and Heinkenschloss, M. and 
van Bloemen Waanders, B.},
  volume={30},
  series={{L}ecture {N}otes in {C}omputational {S}cience and {E}ngineering},
  year={2003},
  publisher={Springer}
}

@book{tarantola,
  title={{I}nverse {P}roblem {T}heory and {M}ethods for {M}odel {P}arameter {E}stimation},
  author={Tarantola, A.},
  year={2005},
  publisher={{SIAM}},
  address={Philadelphia}
}


@book{somersalo,
  title={{S}tatistical and computational inverse problems},
  author={Kaipio, J. and Somersalo, E.},
  series={{A}pplied {M}athematical {S}ciences},
  volume={160},
  year={2005},
  publisher={Springer Sience \& Business Media, New York},
  doi={10.1007/b138659}
}

@article{stuart-acta-numerica,
  title={Inverse problems: a {B}ayesian perspective},
  author={Stuart, A. M.},
  journal={Acta Numerica},
  volume={19},
  pages={451--559},
  year={2010},
  publisher={Cambridge Univ Press}
}

@book{calvetti,
  title={An Introduction to {B}ayesian Scientific Computing: Ten Lectures on Subjective Computing},
  author={Calvetti, D. and Somersalo, E.},
  volume={2},
  series={Surveys and Tutorials in the Applied Mathematical Sciences},
  year={2007},
 publisher={Springer Science \& Business Media, New York}
}

@book{unser,
title={{An Introduction to Sparse Stochastic Processes}},
author={Unser, M. and Tafti, P.},
year={2013},
publisher={{Cambridge University Press}},
version={beta 1.6},
note={Available online at: http://www.sparseprocesses.org}
}

@article{unser-unified,
  title =	 {A unified formulation of {G}aussian vs. sparse
                  stochastic processes.  {P}art {I}: {C}ontinuous-domain
                  theory},
  author =	 {Unser, M. and Tafti, P. and Sun, Q.},
journal = {IEEE Transactions on Information Theory}, 
  year =	 2011,
  volume =	 60,
  issue =	 3,
  pages =	 {1945--1962},
  publisher =	 {IEEE}
}

@article{unser-unified2,
  title={A unified formulation of {G}aussian vs. sparse stochastic
                  processes.  {P}art {II}: {D}iscrete-domain theory},
  author={Unser, M. and Tafti, P. and Amini, A. and Kirshner, H.},
  year={2011},
journal = {IEEE Transactions on Information Theory}, 
  publisher={IEEE},
 pages={3036--3051},
 volume={60},
issue={5}
}

@book{bogachev1,
  title={Measure Theory}, 
  volume = {1},
  author={Bogachev, V. I.},
  year={2007},
  publisher={Springer, New York}
}

@book{bogachev2,
  title={Measure Theory}, 
  author={Bogachev, V. I.},
volume = {2},
  year={2007},
  publisher={Springer, New York}
}

@book{bogachev-gaussian,
  title={{Gaussian Measures}},
  author={Bogachev, V. I.},
  volume={62},
  series={{Mathematical Surveys and Monographs}},
  year={1998},
  publisher={{American Mathematical Society}, Providence}
}

@book{da-prato,
  title={{Stochastic Equations in Infinite Dimensions}},
  author={Da Prato, G. and Zabczyk, J.},
  volume={152},
series={{Encyclopedia of Mathematics and Its Applications}},
  year={2014},
edition={2nd},
  publisher={{Cambridge University Press}}
}

@article{donoho,
  title={Compressed sensing},
  author={Donoho, D. L.},
  journal={IEEE Transactions on Information Theory},
  volume={52},
  number={4},
  pages={1289--1306},
  year={2006},
  publisher={IEEE}
}


@article{candes-robust,
  title={Robust uncertainty principles: Exact signal reconstruction from highly incomplete frequency information},
  author={Cand{\`e}s, E. J. and Romberg, J. and Tao, T.},
  journal={IEEE Transactions on Information Theory}, 
  volume={52},
  number={2},
  pages={489--509},
  year={2006},
  publisher={IEEE}
}

@inproceedings{candes-compressive,
  title={{Compressive sampling}},
  author={Cand{\`e}s, E. J.},
  booktitle={{Proceedings of the International Congress of Mathematicians: Madrid, August 22-30, 2006: invited lectures}},
  pages={1433--1452},
  year={2006}
}


@article{dashti-besov,
  title={Besov priors for {B}ayesian inverse problems},
  author={Dashti, M. and Harris, S. and Stuart, A. M.},
  journal={Inverse Problems and Imaging},
  year={2012},
  volume={6},
  number={2},
  pages={183--200},
  doi={10.3934/ipi.2012.6.183}
}

@article{lassas-invariant,
  title={Discretization-invariant {B}ayesian inversion and {B}esov space priors},
  author={Lassas, M. and Saksman, E. and Siltanen, S.},
  journal={Inverse Problems and Imaging},
  Volume={3},
  number={1},
  pages={87--122},
  year={2009}
}

@article{lassas-sparsity-promoting,
  title={Sparsity-promoting {B}ayesian inversion},
  author={Kolehmainen, V. and Lassas, M. and Niinim{\"a}ki, K. and Siltanen, S.},
  journal={Inverse Problems},
  volume={28},
  number={2},
  pages={025005},
  year={2012},
  publisher={IOP Publishing}
}

@book{gelfand,
  title={{Generalized Functions}}, 
  series =  {{Applications of Harmonic Analysis}},
volume = 4, 
  author={Gel'fand, I. M. and Vilenkin, N. Y.},
  year={1964},
  publisher={{Academic Press}},
  address={New York}
}

@book{liu-mc,
  title={{Monte Carlo Strategies in Scientific Computing}},
  author={Liu, J. S.},
  year={2008},
  publisher={Springer},
series={{Springer Series in Statistics}}
}

@book{gamerman,
  title={{Markov Chain Monte Carlo: Stochastic Simulation for {B}ayesian Inference}},
  author={Gamerman, D. and Lopes, H. F.},
  year={2006},
edition={2nd},
series={{Texts in Statistical Sciences}},
  publisher={{CRC Press}}
}


@article{stuart-mcmc,
  title={{MCMC} methods for functions: modifying old algorithms to make them faster},
  author={Cotter, S. L. and Roberts, G. O. and Stuart, A. M. and White, D.},
  journal={Statistical Science},
  volume={28},
  number={3},
  pages={424--446},
  year={2013},
  publisher={Institute of Mathematical Statistics}
}

@article{stuart-KL1,
  title={{Kullback--Leibler} approximation for probability measures on infinite dimensional spaces},
  author={Pinski, FJ and Simpson, Gideon and Stuart, AM and Weber, Hendrik},
  journal={SIAM Journal on Mathematical Analysis},
  volume={47},
  number={6},
  pages={4091--4122},
  year={2015},
  publisher={SIAM}
}

@article{stuart-KL2,
  title={Algorithms for {Kullback--Leibler} approximation of probability measures in infinite dimensions},
  author={Pinski, Frank J and Simpson, Gideon and Stuart, Andrew M and Weber, Hendrik},
  journal={SIAM Journal on Scientific Computing},
  volume={37},
  number={6},
  pages={A2733--A2757},
  year={2015},
  publisher={SIAM}
}

@article{marzouk-spectral,
  title={Stochastic spectral methods for efficient {B}ayesian solution of inverse problems},
  author={Marzouk, Y. M. and Najm, H. N. and Rahn, L. A.},
  journal={Journal of Computational Physics},
  volume={224},
  number={2},
  pages={560--586},
  year={2007},
  publisher={Elsevier}
}

@article{marzouk-dim-reduction,
  title={Dimensionality reduction and polynomial chaos acceleration of {B}ayesian inference in inverse problems},
  author={Marzouk, Y. M. and Najm, H. N.},
  journal={Journal of Computational Physics},
  volume={228},
  number={6},
  pages={1862--1902},
  year={2009},
  publisher={Elsevier}
}

@article{marzouk-collocation,
  title={A stochastic collocation approach to {B}ayesian inference in inverse problems},
  author={Marzouk, Y. M. and Xiu, D.},
  journal={Communications in Computational Physics},
volume={6},
issue={4},
pages={826--847},
  year={2009}
}

@article{marzouk-opt-map,
  title={{B}ayesian inference with optimal maps},
  author={El Moselhy, T. A. and Marzouk, Y. M.},
  journal={Journal of Computational Physics},
  volume={231},
  number={23},
  pages={7815--7850},
  year={2012},
  publisher={Elsevier}
}

@article{ghattas-1,
  title={A computational framework for infinite-dimensional {B}ayesian
                  inverse problems.  {P}art {I}: {T}he linearized case, with application to global seismic inversion},
  author={Bui-Thanh, T. and Ghattas, O. and Martin, J. and Stadler, G.},
  journal={SIAM Journal on Scientific Computing},
  volume={35},
  number={6},
  pages={A2494--A2523},
  year={2013},
  publisher={SIAM}
}

@article{ghattas-2,
  title={A computational framework for infinite-dimensional {B}ayesian
                  inverse problems: {P}art {II}. {S}tochastic {N}ewton {MCMC}
                  with application to ice sheet flow inverse problems}, 
  author={Petra, N. and Martin, J. and Stadler, G. and Ghattas, O.},
  journal={Available online at: httpe://arXiv.org/abs/1308.6221},
  year={2014}
}

@book{arya,
  title =	 {{Air Pollution Meteorology and Dispersion}},
  author =	 {Arya, S. Pal},
  year =	 1999,
  publisher =	 {{Oxford University Press}}
}


@article{sanghvi-HIFU,
  title={High-intensity focused ultrasound.},
  author={Sanghvi, N. T. and Hawes, R. H.},
  journal={Gastrointestinal Endoscopy Clinics of North America},
  volume={4},
  number={2},
  pages={383--395},
  year={1994}
}

@article{herbert-energy,
  title={Energy-based adaptive focusing of waves: application to noninvasive aberration correction of ultrasonic wavefields},
  author={Herbert, E. and Pernot, M. and Montaldo, G. and Fink, M. and Tanter, M.},
  journal={IEEE Transactions on Ultrasonics, Ferroelectrics and
                  Frequency Control}, 
  volume={56},
  number={11},
  pages={2388--2399},
  year={2009},
  publisher={IEEE}
}

@article{hertzberg-ultrasound,
  title={Ultrasound focusing using magnetic resonance acoustic radiation
                  force imaging: {A}pplication to ultrasound
                  transcranial therapy}, 
  author={Hertzberg, Y. and Volovick, A. and Zur, Y. and Medan, Y. and Vitek, S. and Navon, G.},
  journal={Medical Physics},
  volume={37},
  number={6},
  pages={2934--2942},
  year={2010},
  publisher={American Association of Physicists in Medicine}
}

@article{adcock-generalized,
  title={A generalized sampling theorem for stable reconstructions in arbitrary bases},
  author={Adcock, B. and Hansen, A.},
  journal={{Journal of Fourier Analysis and Applications}},
  volume={18},
  number={4},
  pages={685--716},
  year={2012},
  publisher={Springer}
}

@article{adcock-optimal,
  title={On optimal wavelet reconstructions from {F}ourier samples: linearity and universality of the stable sampling rate},
  author={Adcock, B. and Hansen, A. and Poon, C.},
  journal={Applied and Computational Harmonic Analysis},
  volume={36},
  number={3},
  pages={387--415},
  year={2014},
  publisher={Elsevier}
}

@article{adcock-generalized-arxiv,
  title={Generalized sampling: stable reconstructions, inverse problems and compressed sensing over the continuum},
  author={Adcock, B. and Hansen, A. and Roman, B. and Teschke, G.},
  note={Available online at: http://arXiv.org/abs/1310.1141},
  year={2013}
}


@article{wright,
  title={Gradient projection for sparse reconstruction: Application to compressed sensing and other inverse problems},
  author={Figueiredo, M. and Nowak, R. D. and Wright, S. J.},
  journal={IEEE Journal of Selected Topics in Signal Processing}, 
  volume={1},
  number={4},
  pages={586--597},
  year={2007},
  publisher={IEEE}
}

@article{candes-super-res,
  title={Towards a Mathematical Theory of Super-resolution},
  author={Cand{\`e}s, E. J. and Fernandez-Granda, C.},
  journal={Communications on Pure and Applied Mathematics},
  volume={67},
  number={6},
  pages={906--956},
  year={2014},
  publisher={Wiley Online Library}
}

@article{derek-efficient-emulator,
  title={Efficient emulators of computer experiments using compactly supported correlation functions, with an application to cosmology},
  author={Kaufman, C. G. and Bingham, D. and Habib, S. and Heitmann, K. and Frieman, J. A.},
  journal={Annals of Applied Statistics},
  volume={5},
  number={4},
  pages={2470--2492},
  year={2011},
  publisher={Institute of Mathematical Statistics}
}

@Book{derek-UQ-report,
  author =	 {{National Research Council}},
  title =	 {Assessing the Reliability of Complex Models:
                  Mathematical and Statistical Foundations of
                  Verification, Validation, and Uncertainty
                  Quantification},
  publisher =	 {{The National Academies Press}},
  year =	 2012,
  address =	 {{Washington, DC}}
}

@article{higdon,
  title={A {B}ayesian approach for parameter estimation and prediction using a computationally intensive model},
  author={Higdon, Dave and McDonnell, Jordan D and Schunck, Nicolas and Sarich, Jason and Wild, Stefan M},
  journal={Journal of Physics G: Nuclear and Particle Physics},
  volume={42},
  number={3},
  pages={034009},
  year={2015},
  publisher={IOP Publishing}
}

@article{willcox-model,
  title={Model reduction for large-scale systems with high-dimensional parametric input space},
  author={Bui-Thanh, T. and Willcox, K. and Ghattas, O.},
  journal={SIAM Journal on Scientific Computing},
  volume={30},
  number={6},
  pages={3270--3288},
  year={2008},
  publisher={SIAM}
}

@article{willcox-nonlin-UQ,
  title={Non-linear model reduction for uncertainty quantification in large-scale inverse problems},
  author={Galbally, D. and Fidkowski, K. and Willcox, K. and Ghattas, O},
  journal={International Journal for Numerical Methods in Engineering},
  volume={81},
  number={12},
  pages={1581--1608},
  year={2010},
  publisher={Wiley Online Library}
}

@article{willcox-large-inv,
  title={Parameter and state model reduction for large-scale statistical inverse problems},
  author={Lieberman, Ch. and Willcox, K. and Ghattas, O.},
  journal={SIAM Journal on Scientific Computing},
  volume={32},
  number={5},
  pages={2523--2542},
  year={2010},
  publisher={SIAM}
}

@article{charles-realtime,
  title={Real-time adaptive methods for treatment of mobile organs by
                  {MRI}-controlled high-intensity focused ultrasound}, 
  author={de Senneville, B. D. and Mougenot, Ch. and Moonen, Ch. T. W.},
  journal={Magnetic Resonance in Medicine},
  volume={57},
  number={2},
  pages={319--330},
  year={2007},
  publisher={Wiley Online Library}
}

@article{charles-volumetric,
  title={Volumetric {HIFU} ablation under {3D} guidance of rapid {MRI} thermometry},
  author={K{\"o}hler, M. O and Mougenot, Ch. and Quesson, B. and Enholm, J. and Le Bail, B. 
and Laurent, Ch. and Moonen, Ch. T. W. and Ehnholm, G.},
  journal={Medical Physics},
  volume={36},
  number={8},
  pages={3521--3535},
  year={2009},
  publisher={American Association of Physicists in Medicine}
}



@article{stockie-dispersion,
  title={The mathematics of atmospheric dispersion modeling},
  author={Stockie, J. M},
  journal={Siam Review},
  volume={53},
  number={2},
  pages={349--372},
  year={2011},
  publisher={SIAM}
}




@techreport{hosseini-Teck-2014,
title={Estimating fugitive lead emissions: Final results, discussions and conclusions},
author={Hosseini, Bamdad and Stockie, John M.},
institution={Teck Resources Ltd.},
year={2014}
}

@article{hosseini-2011,
  title={Solution of Burgers' equation using a local-RBF meshless method},
  author={Hosseini, Bamdad and Hashemi, Roohollah},
  journal={International Journal for Computational Methods in Engineering Science and Mechanics},
  volume={12},
  number={1},
  pages={44--58},
  year={2011},
  publisher={Taylor \& Francis},
  url={http://dx.doi.org/10.1080/15502287.2010.540303}
}

@article{hosseini-delta,
  title={On smooth regularizations of the {Dirac} delta distribution},
  author={Hosseini, Bamdad and Nigam, Nilima and Stockie, John M.},
  year = {2016},
  volume={305},
  pages={423--447},
  journal={Journal of Computational Physics},
  url={doi:10.1016/j.jcp.2015.10.054}
}



@article{hosseini-FVM-atmos,
  title={Estimating airborne particulate emissions using a finite-volume forward solver coupled with a {B}ayesian inversion approach},
  author={Hosseini, Bamdad and Stockie, John M.},
journal={Computers and Fluids},
volume={154},
pages={27--43},
year={2017},
url={https://doi.org/10.1016/j.compfluid.2017.05.025}
}

@article{boyd-l1-lsq,
  title={An interior-point method for large-scale {l1}-regularized least squares},
  author={Kim, Seung-Jean and Koh, Kwangmoo and Lustig, Michael and Boyd, Stephen and Gorinevsky, Dimitry},
  journal={Journal of Machine Learning Research},
  volume={8},
  number={8},
  pages={1519--1555},
  year={2007}
}

@article{candes-boyd,
  title={Enhancing sparsity by reweighted l1 minimization},
  author={Candes, Emmanuel J and Wakin, Michael B and Boyd, Stephen P},
  journal={{Journal of Fourier Analysis and Applications}},
  volume={14},
  number={5-6},
  pages={877--905},
  year={2008},
  publisher={Springer}
}

@article{chan-primal-dual,
  title={A nonlinear primal-dual method for total variation-based image restoration},
  author={Chan, Tony F and Golub, Gene H and Mulet, Pep},
  journal={SIAM Journal on Scientific Computing},
  volume={20},
  number={6},
  pages={1964--1977},
  year={1999},
  publisher={SIAM}
}

@article{franklin,
  title={Well-posed stochastic extensions of ill-posed linear problems},
  author={Franklin, Joel N},
  journal={Journal of Mathematical Analysis and Applications},
  volume={31},
  number={3},
  pages={682--716},
  year={1970},
  publisher={Elsevier}
}

@book{kreyszig,
  title={{Introductory functional analysis with applications}},
  author={Kreyszig, Erwin},
  year={1989},
  series={{Wiley Classics Library}},
  publisher={{Wiley and Sons}}
}

@book{shiryaev,
title={{Probability}},
author={Shiryaev, A. N.},
year = {1996},
edition={{Second}},
series={{Graduate Texts in Mathematics}},
publisher={{Springer}},
number={95} 
}

@book{gelfand-v4,
title={{Generalized Functions, Volume 4: Applications of Harmonic Analysis}},
author={Gel'fand, I. M. and Vilenkin, N. Ya.},
year={1964},
publisher={{Academic Press}} }

@book{linde,
  title={Probability in {B}anach Spaces: Stable and Infinitely Divisible Distributions},
  author={Linde, Werner},
  year={1986},
  publisher={Wiley}
}

@book{applebaum,
  title={{L{\'e}vy Processes and Stochastic Calculus}},
  author={Applebaum, David},
  year={2009},
  publisher={{Cambridge University Press}}
}


@article{kaipio-EIT,
  title={Statistical inversion and {Monte Carlo} sampling methods in electrical impedance tomography},
  author={Kaipio, Jari P and Kolehmainen, Ville and Somersalo, Erkki and Vauhkonen, Marko},
  journal={Inverse Problems},
  volume={16},
  number={5},
  pages={1487},
  year={2000},
  publisher={IOP Publishing}
}

@article{edwards-supernovae,
  title={{B}ayesian parameter estimation of core collapse supernovae using gravitational wave simulations},
  author={Edwards, Matthew C and Meyer, Renate and Christensen, Nelson},
  journal={Inverse Problems},
  volume={30},
  number={11},
  pages={114008},
  year={2014},
  publisher={IOP Publishing}
}

@article{pursiainen,
  title={Sparse source travel-time tomography of a laboratory target: accuracy and robustness of anomaly detection},
  author={Pursiainen, Sampsa and Kaasalainen, Mikko},
  journal={Inverse Problems},
  volume={30},
  number={11},
  pages={114016},
  year={2014},
  publisher={IOP Publishing}
}

@book{casella,
  title={{Monte Carlo statistical methods}},
  author={Robert, Christian and Casella, George},
  year={2013},
  publisher={{Springer Science \& Business Media}},
  address={New York},
  series={Springer texts in Statisitics}
}

@book{calvetti,
  title={{An Introduction to {B}ayesian Scientific Computing: Ten Lectures on Subjective Computing}},
  author={Calvetti, Daniela and Somersalo, Erkki},
  volume={2},
  year={2007},
  publisher={{Springer Science \& Business Media}}
}

@article{Higdon-bayesian,
  title={{B}ayesian computation and stochastic systems},
  author={Besag, Julian and Green, Peter and Higdon, David and Mengersen, Kerrie},
  journal={Statistical {S}cience},
  pages={3--41},
  year={1995},
  publisher={JSTOR}
}

@article{higdon-calibration,
  title={Computer model calibration using high-dimensional output},
  author={Higdon, Dave and Gattiker, James and Williams, Brian and Rightley, Maria},
  journal={Journal of the American Statistical Association},
  volume={103},
  number={482},
  year={2008}
}

@book{bickel,
  title={{Mathematical Statistics, volume I}},
  author={Bickel, Peter J and Doksum, Kjell A},
  year={2001},
  publisher={{Prentice Hall}}
}

@article{cotter-bayesian,
  title={{B}ayesian inverse problems for functions and applications to fluid mechanics},
  author={Cotter, S. L. and Dashti, M. and Robinson, J. C. and Stuart, A. M.},
  journal={Inverse Problems},
  volume={25},
  number={11},
  pages={115008},
  year={2009},
  publisher={IOP Publishing}
}

@article{cotter-approximation,
  title={Approximation of {B}ayesian inverse problems for {PDE}s},
  author={Cotter, S. L. and Dashti, M. and Stuart, A. M.},
  journal={SIAM Journal on Numerical Analysis},
  volume={48},
  number={1},
  pages={322--345},
  year={2010},
  publisher={SIAM}
}

@article{hairer-signal-processing,
  title={Signal processing problems on function space: {B}ayesian formulation, stochastic PDEs and effective {MCMC} methods},
  author={Hairer, M and Stuart, AM and Voss, J},
  journal={{The Oxford Handbook of Nonlinear Filtering}},
  pages={833--873},
  year={2011},
  publisher={Oxford University Press}
}

@article{lassas-can-we-use-tv,
  title={Can one use total variation prior for edge-preserving {B}ayesian inversion?},
  author={Lassas, Matti and Siltanen, Samuli},
  journal={Inverse Problems},
  volume={20},
  number={5},
  pages={1537},
  year={2004},
  publisher={IOP Publishing}
}

@article{hairer-path-sampling,
  title={Analysis of {SPDE}s arising in path sampling. Part {I}: The {G}aussian case},
  author={Hairer, Martin and Stuart, A. M and Voss, Jochen and Wiberg, Petter and others},
  journal={Communications in Mathematical Sciences},
  volume={3},
  number={4},
  pages={587--603},
  year={2005},
  publisher={International Press of Boston}
}

@article{alison,
  title={On choosing and bounding probability metrics},
  author={Gibbs, Alison L and Su, Francis Edward},
  journal={International {S}tatistical {R}eview},
  volume={70},
  number={3},
  pages={419--435},
  year={2002},
  publisher={Wiley Online Library}
}

@book{adams,
  title={{Sobolev Spaces}},
  author={Adams, Robert A and Fournier, John JF},
  year={2003},
  publisher={{Academic Press}}
}

@book{moller,
  title={{Statistical Inference and Simulation for Spatial Point Processes}},
  author={Moller, Jesper and Waagepetersen, Rasmus Plenge},
  year={2004},
  publisher={{CRC Press}}
}

@book{friedman,
  title={{Generalized functions and partial differential equations}},
  author={Friedman, Avner},
  year={2005},
  publisher={{Dover Publications}},
  address={New York}
}

@article{liu-hifu,
  title={Random calibration for accelerating {MR-ARFI} guided ultrasonic focusing in transcranial therapy},
  author={Liu, Na and Liutkus, Antoine and Aubry, Jean-Fran{\c{c}}ois and Marsac, Laurent and Tanter, Mickael and Daudet, Laurent},
  journal={Physics in {M}edicine and {B}iology},
  volume={60},
  number={3},
  pages={1069},
  year={2015},
  publisher={IOP Publishing}
}

@article{foley-hifu,
  title={Image-guided focused ultrasound: state of the technology and the challenges that lie ahead},
  author={Foley, Jessica L and Eames, Matt and Snell, John and Hananel, Arik and Kassell, Neal and Aubry, Jean-Francois},
  journal={Imaging in Medicine},
  volume={5},
  number={4},
  pages={357--370},
  year={2013},
  publisher={Future Medicine}
}

@article{huisman-hifu,
  title={{MR}-guided high-intensity focused ultrasound for noninvasive cancer treatment},
  author={Huisman, M and van den Bosch, MAAJ},
  journal={Cancer Imaging},
  volume={11},
  number={1A},
  pages={S161},
  year={2011},
  publisher={International Cancer Imaging Society}
}

@book{trefethen,
  title={{Spectral Methods in MATLAB}},
  author={Trefethen, Lloyd N},
  year={2000},
  publisher={{SIAM}},
  address={Philadelphia}
}

@article{tierney,
author={Luke Tierney},
journal={Annals of Applied Probability},
title={A note on {M}etropolis-{H}astings kernels for general state spaces},
year = {1998},
volume={8},
number ={1},
pages={1--9}}
 
@article{schwab-sparse,
  title={Sparse deterministic approximation of {B}ayesian inverse problems},
  author={Schwab, Christoph and Stuart, A. M},
  journal={Inverse Problems},
  volume={28},
  number={4},
  pages={045003},
  year={2012},
  publisher={IOP Publishing}
}

@article{helin-MAP,
  title={Maximum a posteriori probability estimates in infinite-dimensional {B}ayesian inverse problems},
  author={Helin, TAPIO and Burger, MARTIN},
  journal={Inverse Problems},
  volume={31},
  number={8},
  pages={085009},
  year={2015},
  publisher={IOP Publishing}
}

@article{bayes1970essay,
  title={An essay towards solving a problem in the doctrine of chances},
  author={Bayes, Thomas},
  journal={Studies in the History of Statistics and Probability},
  volume={1},
  pages={134--153},
  year={1970}
}

@article{stigler1986laplace,
  title={Laplace's 1774 memoir on inverse probability},
  author={Stigler, Stephen M},
  journal={Statistical Science},
  pages={359--363},
  year={1986},
  publisher={JSTOR}
}

@article{laplace-memoire,
  title={M{\'e}moire sur les suites r{\'e}curro-r{\'e}currentes et sur leurs usages dans la th{\'e}orie des hasards},
  author={de Laplace, P S},
  journal={M{\'e}moirs de l'Acad{\'e}mie Royale des Sciences Paris},
  volume={6},
  pages={353--371},
  year={1774}
}


@Incollection{stark2010primer,
author={Stark, Philip B and Tenorio, Luis},
editor={Biegler, Lorenz and Biros, George and Ghattas, Omar and Heinkenschloss, Matthias and Keyes, David and Mallick, Bani and Tenorio, Luis and van Bloemen Waanders, Bart and Willcox, Karen and Marzouk, Youssef},
title={A primer of frequentist and {B}ayesian inference in inverse problems},
bookTitle={Computational Methods for Large-Scale Inverse Problems and Quantification of Uncertainty},
year={2010},
publisher={John Wiley \& Sons},
series={Wiley Series in Computational Statistics},
pages={9--32},
address={Chichester}
}


@Book{biegler-large-scale,
author={Biegler, Lorenz and Biros, George and Ghattas, Omar and Heinkenschloss, Matthias and Keyes, David and Mallick, Bani and Tenorio, Luis and van Bloemen Waanders, Bart and Willcox, Karen and Marzouk, Youssef},
title={Computational Methods for Large-Scale Inverse Problems and Quantification of Uncertainty},
year={2010},
publisher={John Wiley \& Sons},
series={Wiley Series in Computational Statistics},
address={Chichester}
}

@article{petra2012inexact,
  title={An inexact {Gauss--Newton} method for inversion of basal sliding and rheology parameters in a nonlinear Stokes ice sheet model},
  author={Petra, Noemi and Zhu, Hongyu and Stadler, Georg and Hughes, Thomas JR and Ghattas, Omar},
  journal={Journal of Glaciology},
  volume={58},
  number={211},
  pages={889--903},
  year={2012},
  publisher={International Glaciological Society}
}

@article{Ghattas-ice-sheet,
  title={Scalable and efficient algorithms for the propagation of uncertainty from data through inference to prediction for large-scale problems, with application to flow of the Antarctic ice sheet},
  author={Isaac, Tobin and Petra, Noemi and Stadler, Georg and Ghattas, Omar},
  journal={Journal of Computational Physics},
  volume={296},
  pages={348--368},
  year={2015},
  publisher={Elsevier}
}

@article{green-reversible,
  title={Reversible jump Markov chain Monte Carlo computation and {B}ayesian model determination},
  author={Green, Peter J},
  journal={Biometrika},
  volume={82},
  number={4},
  pages={711--732},
  year={1995},
  publisher={Biometrika Trust}
}

@book{sato,
  title={L{\'e}vy processes and infinitely divisible distributions},
  author={Sato, Ken iti},
  year={1999},
  publisher={Cambridge University Press},
  address={Cambridge}
}

@article{kruglov,
  title={A note on infinitely divisible distributions},
  author={Kruglov, V.M.},
  journal={Theory of Probability \& Its Applications},
  volume={15},
  number={2},
  pages={319--324},
  year={1970},
  publisher={SIAM}
}

@article{borell-convex,
  title={Convex measures on locally convex spaces},
  author={Borell, C.},
  journal={Arkiv f{\"o}r Matematik},
  volume={12},
  number={1},
  pages={239--252},
  year={1974},
  publisher={Springer}
}

@book{bogachev-malliavin,
  title={Differentiable measures and the Malliavin calculus},
  author={Bogachev, V. I.},
  volume={164},
  series={Mathematical Sureverys and Monographs},
  year={2010},
  publisher={American Mathematical Society, Providence}
}

@article{feyel-logconcave,
  title={Log-concave measures},
  author={Feyel, D. and Ustunel, A. S.},
  journal={arXiv:1005.5127},
  year={2010}
}

@INPROCEEDINGS{prekopa-log-concave,
    author = {Pr{\'e}kopa, A.},
    title = {Logarithmic concave measures and related topics},
    booktitle = { Stochastic Programming},
    year = {1980},
    pages = {63--82},
    publisher = {Academic Press}
}

@article{prekopa-log-concave2,
  title={Logarithmic concave measures and functions},
  author={Pr{\'e}kopa,A.},
  journal={Acta Scientiarum Mathematicarum},
  volume={34},
  number={1},
  pages={334--343},
  year={1973},
}

@article{gardner-brunn-minkowski,
  title={The {B}runn-{M}inkowski inequality},
  author={Gardner, R.},
  journal={Bulletin of the American Mathematical Society},
  volume={39},
  number={3},
  pages={355--405},
  year={2002}
}

@article{bagnoli-log-concave,
  title={Log-concave probability and its applications},
  author={Bagnoli, M. and Bergstrom, T.},
  journal={Economic Theory},
  volume={26},
  number={2},
  pages={445--469},
  year={2005},
  publisher={Springer}
}

@book{heil-basis,
  title={A basis theory primer: expanded edition},
  author={Heil, C.},
  year={2010},
  publisher={Springer Sicence \& Business Media, New York},
  series={Applied and Numerical Harmonic Analysis}
}

@article{iglesias-geometric,
  title={Well-posed {B}ayesian geometric inverse problems arising in subsurface flow},
  author={Iglesias, M. A. and Lin, K. and Stuart, A. M.},
  journal={Inverse Problems},
  volume={30},
  number={11},
  pages={114001},
  year={2014},
  publisher={IOP Publishing}
}

@book{kahane,
  title={Some random series of functions},
  author={Kahane, J-P},
  volume={5},
  year={1993},
  publisher={Cambridge University Press}
}

@article{scott-shrink,
  title={Shrink globally, act locally: Sparse {B}ayesian regularization and prediction},
  author={Polson, N. G. and Scott, J. G.},
  journal={{B}ayesian Statistics},
  volume={9},
  pages={501--538},
  year={2010}
}

@article{scott-horseshoe,
  title={The horseshoe estimator for sparse signals},
  author={Carvalho, C. M. and Polson, N. G. and Scott, J. G.},
  journal={Biometrika},
  volume={97},
  number={2},
  pages={asq017},
  year={2010},
  publisher={Biometrika Trust}
}

@article{Calvetti-hierarchical,
  title={Hierarchical regularization for edge-preserving reconstruction of {PET} images},
  author={Bardsley, J. M. and Calvetti, D. and Somersalo, E.},
  journal={Inverse Problems},
  volume={26},
  number={3},
  pages={035010},
  year={2010},
  publisher={IOP Publishing}
}

@book{braess,
  title={Finite elements: Theory, fast solvers, and applications in solid mechanics},
  author={Braess, D.},
  year={2007},
  publisher={Cambridge University Press, Cambridge}
}

@book{kallenberg,
  title={Foundations of modern probability},
  author={Kallenberg, O.},
  year={2006},
  publisher={Springer, New York},
  series={Probability and Its Application}
}


@Incollection{stuart-bayesian-lecture-notes,
author={Dashti, M.
and Stuart, A. M.},
editor={Ghanem, R.
and Higdon, D.
and Owhadi, H.},
title={The {B}ayesian Approach to Inverse Problems},
bookTitle={Handbook of Uncertainty Quantification},
year={2016},
publisher={Springer International Publishing},
pages={1--118},
doi={10.1007/978-3-319-11259-6_7-1}
%url="http://dx.doi.org/10.1007/978-3-319-11259-6_7-1"
}

@book{taylor-PDE,
title={Partial Differential Equations I: Basic Theory},
author ={Taylor, Michael E.},
edition={Second},
year={2011},
publisher={Springer Science \& Business Media, New York},
series = {Applied Mathematical Sciences},
number={115}
}

@article{dashti-elliptic-UQ,
  title={Uncertainty quantification and weak approximation of an elliptic inverse problem},
  author={Dashti, M. and Stuart, A. M.},
  journal={SIAM Journal on Numerical Analysis},
  volume={49},
  number={6},
  pages={2524--2542},
  year={2011},
  publisher={SIAM}
}

@book{meyer,
title={Wavelets and operators},
author={Meyer, Y.},
year={1992},
publisher={Cambridge University Press, Cambridge},
series={Cambridge Studies in Advanced Mathematics},
number={37}
}


@book{bernardo,
  title={Bayesian Theory},
  author={Bernardo, J. M. and Smith, A. FM.},
  series={Wiley Series in Probability and Statistics},
  year={2009},
  publisher={John Wiley \& Sons, New York}
}


@book{liberman,
title ={Second order parabolic differential equations},
author= {Liberman, G. M.},
publisher={World Scientific, Singapore},
year ={2005}
}

@article{burger-map,
  title={Maximum a posteriori estimates in linear inverse problems with log-concave priors are proper {B}ayes estimators},
  author={Burger, Martin and Lucka, Felix},
  journal={Inverse Problems},
  volume={30},
  number={11},
  pages={114004},
  year={2014},
  publisher={IOP Publishing}
}

@book{evans,
  title={Partial differential equations},
  author={Evans, Lawrence C.},
  year={2010},
  publisher={American Mathematical Society, Providence},
  series={Graduate Studies in Mathematics},
  number={19}
}

@book{renardy,
  title={An introduction to partial differential equations},
  author={Renardy, Michael and Rogers, Robert C.},
  year={2010},
  publisher={Springer, New York},
  series={Texts in Applied Mathematics},
  number={13}
}

@book{hansen-deblurring,
  title={Deblurring images: matrices, spectra, and filtering},
  author={Hansen, P. C. and Nagy, J. G. and O'leary, D. P.},
  year={2006},
  publisher={{SIAM}, Philadelphia}
}


@article{larrat,
  title={{MR}-guided adaptive focusing of ultrasound},
  author={Larrat, B. and Pernot, M. and Montaldo, G. and Fink, M. and Tanter, M.},
  journal={ IEEE Transactions on Ultrasonics, Ferroelectrics, and Frequency Control},
  volume={57},
  number={8},
  pages={1734--1747},
  year={2010},
  publisher={IEEE}
}



@book{foucart,
  title={A mathematical introduction to compressive sensing},
  author={Foucart, Simon and Rauhut, Holger},
  year={2013},
  publisher={Springer Science \& Business Media, New York},
  series={Applied and Numerical Harmonic Analysis},
  doi={10.1007/978-0-8176-4948-7}
}
@article{agapiou,
  title={Analysis of the {G}ibbs sampler for hierarchical inverse problems},
  author={Agapiou, Sergios and Bardsley, Johnathan M and Papaspiliopoulos, Omiros and Stuart, Andrew M},
  journal={SIAM/ASA Journal on Uncertainty Quantification},
  volume={2},
  number={1},
  pages={511--544},
  year={2014},
  publisher={SIAM}
}

@article{diaconis-consistency,
  title={On the consistency of {Bayes} estimates},
  author={Diaconis, Persi and Freedman, David},
  journal={The Annals of Statistics},
  pages={1--26},
  volume={14},
  number={1},
  year={1986},
  publisher={JSTOR}
}

@article{freedman-consistency,
  title={On the asymptotic behavior of {B}ayes' estimates in the discrete case},
  author={Freedman, David A},
  journal={The Annals of Mathematical Statistics},
  pages={1386--1403},
  volume={34},
  number={4},
  year={1963},
  publisher={JSTOR}
}



@article{sullivan,
  title={Well-posed {B}ayesian inverse problems and heavy-tailed stable {B}anach space priors},
  author={Sullivan, Tim J.},
  url={https://arxiv.org/abs/1605.05898},
  year={2016}
}

@book{sullivan2015introduction,
  title={Introduction to uncertainty quantification},
  author={Sullivan, Timothy John},
  number={63},
  series={Texts in Applied Mathematics},
  year={2015},
  publisher={Springer},
  address={New York}
}

@book{smith2013uncertainty,
  title={Uncertainty quantification: theory, implementation, and applications},
  author={Smith, Ralph C},
  volume={12},
  year={2013},
  publisher={SIAM},
  address={Philadelphia}
}


@article{stuart-GP,
  title={Posterior Consistency for {G}aussian Process Approximations of {B}ayesian Posterior Distributions},
  author={Stuart, Andrew M and Teckentrup, Aretha L},
  journal={Mathematics and Computation},
  year={2017},
  note={In press}  
}

@book{linde,
  title={Probability in {B}anach spaces: Stable and infinitely divisible distributions},
  author={Linde, Werner},
  year={1986},
  publisher={John Wiley \& Sons, New York}
}


@book{taylor-PDE,
title={Partial Differential Equations I: Basic Theory},
author ={Taylor, Michael E.},
edition={Second},
year={2011},
publisher={Springer Science \& Business Media, New York},
series = {Applied Mathematical Sciences},
volume={115},
doi={10.1007/978-1-4419-7055-8}
}


@article{candes-phaselift,
  title={Phaselift: Exact and stable signal recovery from magnitude measurements via convex programming},
  author={C{\'a}ndes, Emmanuel J and Strohmer, Thomas and Voroninski, Vladislav},
  journal={Communications on Pure and Applied Mathematics},
  volume={66},
  number={8},
  pages={1241--1274},
  year={2013},
  publisher={Wiley Online Library},
  doi={10.1002/cpa.21432}
}



@article{harrison-phase,
  title={Phase problem in crystallography},
  author={Harrison, Robert W},
  journal={Journal of the Optical Society of America A},
  volume={10},
  number={5},
  pages={1046--1055},
  year={1993},
  publisher={Optical Society of America},
  url={https://inis.iaea.org/search/search.aspx?orig_q=RN:24073150}
}

@Incollection{dainty-phase,
author={Fienup, C and Dainty, J},
editor={Stark, Henry},
title={Phase retrieval and image reconstruction for astronomy},
bookTitle={Image Recovery: Theory and Application},
year={1987},
publisher={Academic Press, New York},
 pages={231--275},
   url={https://www.elsevier.com/books/image-recovery-theory-and-application/stark/978-0-12-663940-7}
%url="http://dx.doi.org/10.1007/978-3-319-11259-6_7-1"
}



@article{hosseini-hifu,
  title={A {B}ayesian approach for energy-based estimation of acoustic aberrations in high intensity focused ultrasound treatment},
  author={Hosseini, Bamdad and Mougenot, Charles and Pichardo, Samuel and Constanciel, Elodie and Drake, James M and Stockie, John M},
  note={arXiv:1602.08080},
  year={2016}
}


@article{edwards-supernovae,
title={Bayesian parameter estimation of core collapse supernovae using gravitational wave simulations},
  author={Edwards, Matthew C and Meyer, Renate and Christensen, Nelson},
  journal={Inverse Problems},
  volume={30},
  number={11},
  pages={114008},
  year={2014},
  publisher={IOP Publishing}
}


@book{daubechies,
  title={Ten lectures on wavelets},
  author={Daubechies, Ingrid and others},
  number={61},
  series={CBMS-NSF Regional Conference Series in Applied Mathematics},
  year={1992},
  publisher={SIAM, Philadelphia},
  doi={10.1137/1.9781611970104.fm}
}


@book{heil-basis,
  title={A basis theory primer: Expanded edition},
  author={Heil, C.},
  year={2010},
  publisher={Springer Sicence \& Business Media, New York},
  series={Applied and Numerical Harmonic Analysis},
  doi={10.1007/978-0-8176-4687-5}
}


@article{hosseini-convex-prior,
title={Well-posed {B}ayesian Inverse Problems: priors with Exponential Tails},
author={Hosseini, Bamdad and Nigam, Nilima},
journal={SIAM/ASA Journal on Uncertainty Quantification},
volume={5},
number={1},
pages={436--465},
doi={10.1137/16M1076824},
year={2017}
}

@article{hosseini-sparse,
title={Well-posed {B}ayesian inverse problems with infinitely-divisible and heavy-tailed prior measures},
author={Hosseini, Bamdad},
journal={{SIAM/ASA Journal on Uncertainty Quantification}},
year={2017},
url={https://arxiv.org/abs/1609.07532},
note={In press}
}



@book{hansen-deblurring,
  title={Deblurring images: matrices, spectra, and filtering},
  author={Hansen, P. C. and Nagy, J. G. and O'{L}eary, D. P.},
  year={2006},
  publisher={{SIAM}, Philadelphia},
  doi={10.1137/1.9780898718874}
}

@article{candes-phaseretrieval,
  title={Phase retrieval via matrix completion},
  author={C\'{a}ndes, Emmanuel J and Eldar, Yonina C and Strohmer, Thomas and Voroninski, Vladislav},
  journal={SIAM Review},
  volume={57},
  number={2},
  pages={225--251},
  year={2015},
  publisher={SIAM}
}

@book{evans-measure-theory,
title={Measure Theory and Fine Properties of Functions},
author={Evans, L. C. and Gariepy, R. F.},
edition={Revised},
year={2015},
publisher={CRC Press, New York},
series={Text Books in Mathematics}
}





@book{azais,
  title={Level sets and extrema of random processes and fields},
  author={Aza{\"\i}s, J. M. and Wschebor, M.},
  year={2009},
  publisher={John Wiley \& Sons, New Jersey},
  doi={10.1002/9780470434642}
}


@book{adler-geometry,
  title={The Geometry of Random Fields},
  author={Adler, R. J.},
  year={2010},
  publisher={SIAM, Philadelphia},
  series={Classics in Applied Mathematics},
  doi={10.1137/1.9780898718980},
  number={62}
  
  
}


@book{ghanem,
  title={Stochastic finite elements: a spectral approach},
  author={Ghanem, R. G. and Spanos, P. D.},
  year={2003},
  publisher={Dover Publication Inc., New York},
  doi={10.1007/978-1-4612-3094-6}
}


@book{rasmussen,
title={{G}aussian processes for machine learning},
author={Rasmussen, C. E. and Williams, C. K. I.},
publisher={The MIT press, Cambridge},
year = {2006},
url={http://www.gaussianprocess.org/gpml/}
}


@book{billingsley,
  title={Probability and measure},
  author={Billingsley, Patrick},
  year={2008},
  edition={Third},
  series={Wiley Series in Probability and Mathematical Statistics},
  publisher={John Wiley \& Sons, New York}
}


@article{hanche,
  title={The {K}olmogorov--{R}iesz compactness theorem},
  author={Hanche-Olsen, H. and Holden, H.},
  journal={Expositiones Mathematicae},
  volume={28},
  number={4},
  pages={385--394},
  year={2010},
  publisher={Elsevier},
  doi={10.1016/j.exmath.2010.03.001}
}


@book{aliprantis,
  title={Infinite dimensional analysis: a hitchhiker's guide},
  author={Aliprantis, Charalambos D and Border, Kim},
  year={2006},
  edition={Third},
  publisher={Springer Science \& Business Media, New York},
  doi={10.1007/3-540-29587-9}
}


@book{tankov,
  title={Financial modelling with jump processes},
  author={Cont, Rama and Tankov, Peter},
  year={2004},
  publisher={CRC press LLC, New York},
  series={Chapman \& Hall/CRC Financial mathematics series},
  doi={10.1201/9780203485217}
}



@book{leoni,
  title={A First Course in Sobolev spaces},
  author={Leoni, G.},
  number={105},
  year={2009},
  series={Graduate Studies in Mathematics},
  publisher={American Mathematical Society, Providence},
  url={http://dx.doi.org/10.1090/gsm/105}
}


@book{buttazzo,
  title={One-dimensional variational problems: an introduction},
  author={Buttazzo, Giuseppe and Giaquinta, Mariano and Hildebrandt, Stefan},
  number={15},
  year={1998},
  series={Oxford Lecture Series in Mathematics and Its Applications},
  publisher={Oxford University Press, Oxford}
}


@article{yao-tv-gaussian,
  title={A {TV-Gaussian} prior for infinite-dimensional {Bayesian} inverse problems and its numerical implementations},
  author={Yao, Z. and Hu, Z. and Li, J.},
  journal={Inverse Problems},
  volume={32},
  number={7},
  pages={075006},
  year={2016},
  publisher={IOP Publishing},
  doi={10.1088/0266-5611/32/7/075006}
}


@book{peszat,
  title={Stochastic partial differential equations with L{\'e}vy noise: An evolution equation approach},
  author={Peszat, Szymon and Zabczyk, Jerzy},
  volume={113},
  series={Encyclopedia of Mathematics and its Applications},
  year={2007},
  publisher={Cambridge University Press, Cambridge}
}


@book{steutel,
  title={Infinite divisibility of probability distributions on the real line},
  author={Steutel, Fred W. and Van Harn, Klaas},
  year={2003},
  publisher={Marcel Dekker Inc., New York},
  series={Pure and Applied Mathematics},
  doi={10.1201/9780203014127}
}

@article{bondesson,
  title={A general result on infinite divisibility},
  author={Bondesson, Lennart},
  journal={The Annals of Probability},
  volume={7},
  number={6},
  pages={965--979},
  year={1979},
  publisher={JSTOR},
  url={http://www.jstor.org/stable/2243098}
}

@book{kotz-univariate-v1,
  title={Continuous univariate distributions, Volume 1: Models and Applications},
  author={Johnson, Norman L. and Kotz, Samuel and Balakrishnan, N},
  year={2002},
  edition={Second},
  publisher={John Wiley \& Sons, New York},
  url={http://ca.wiley.com/WileyCDA/WileyTitle/productCd-0471584959.html}
}


@book{kotz-laplace,
  title={The Laplace distribution and generalizations: A revisit with applications to communications, economics, engineering, and finance},
  author={Kotz, Samuel and Kozubowski, Tomasz J. and Podgorski, Krzysztof},
  year={2012},
  publisher={Springer Science \& Business Media, New York},
  doi={10.1007/978-1-4612-0173-1}
  
}


@article{nadarajah-generalized-normal,
  title={A generalized normal distribution},
  author={Nadarajah, Saralees},
  journal={Journal of Applied Statistics},
  volume={32},
  number={7},
  pages={685--694},
  year={2005},
  publisher={Taylor \& Francis},
  doi={10.1080/02664760500079464}
}

@article{nadarajah-kotz,
  title={The {K}otz-type distribution with applications},
  author={Nadarajah, Saralees},
  journal={Statistics: A Journal of Theoretical and Applied Statistics},
  volume={37},
  number={4},
  pages={341--358},
  year={2003},
  publisher={Taylor \& Francis},
  doi={10.1080/0233188031000078060}
}



@article{vandervaart-needles-in-haystack,
  title={Needles and straw in a haystack: Posterior concentration for possibly sparse sequences},
  author={Castillo, Isma{\"e}l and van der Vaart, Aad},
  journal={The Annals of Statistics},
  volume={40},
  number={4},
  pages={2069--2101},
  year={2012},
  publisher={Institute of Mathematical Statistics},
  doi={10.1214/12-AOS1029}
}

@article{vandervaart-bayesian-sparse,
  title={Bayesian linear regression with sparse priors},
  author={Castillo, Isma{\"e}l and Schmidt-Hieber, Johannes and Van der Vaart, Aad},
  journal={The Annals of Statistics},
  volume={43},
  number={5},
  pages={1986--2018},
  year={2015},
  publisher={Institute of Mathematical Statistics},
  doi={10.1214/15-AOS1334}
}


@article{ghosh,
  title={Posterior Concentration Properties of a General Class of Shrinkage Priors around Nearly Black Vectors},
  author={Ghosh, Prasenjit and Chakrabarti, Arijit},
  note={arXiv:1412.8161},
  year={2014}
}


@PhdThesis{lucka-dissertation,
  author       = {Lucka, F.},
  title        = {Bayesian inversion in biomedical imaging},
  school       = {University of Muenster},
  year         = {2014},
  keywords     = {Bayesian inference; biomedical imaging; inverse problems; sparsity; compressed sensing; image deblurring; computed tomography; electroencephalography; magnetoencephalography; source reconstruction; l1; total variation; Besov space; Cauchy prior; Stu},
  url          =  {http://nbn-resolving.de/urn:nbn:de:hbz:6-80359613770}
}


@article{somersalo-inverseproblems-review,
  title={Inverse problems in the {Bayesian} framework},
  author={Calvetti, Daniela and Kaipio, Jari P and Somersalo, Erkki},
  journal={Inverse Problems},
  volume={30},
  number={11},
  pages={110301},
  year={2014},
  publisher={IOP Publishing},
  url={http://stacks.iop.org/0266-5611/30/i=11/a=110301}
}



@PhdThesis{paciorek-dissertation,
  author       = {Paciorek, C. J.},
  title        = {Nonstationary Gaussian processes for regression and spatial modelling},
  school       = {Carnegie Mellon University},
  month        = {May},
  year         = {2003},
  url={http://www.stat.berkeley.edu/~paciorek/diss/paciorek-thesis.pdf}
}


@Unpublished{garcia-hosseini-2017,
  author =	 {Garc\'{\i}a, Juan G. and Hosseini, Bamdad and Stockie, John M.},
  title =	 {Bayesian source inversion and parameter estimation in particulate dispersion models},
  note =	 {In preparation},
  year =	 2017
}


@article{stockie2010inverse,
  author =	 {Lushi, E. and Stockie, J. M.},
  title =	 {An inverse {G}aussian plume approach for estimating
                  atmospheric pollutant emissions from multiple point
                  sources},
  journal =	 {Atmospheric Environment},
  year =	 2010,
  volume =	 44,
  number =	 8,
  pages =	 {1097-1107},
  adsurl =	 {http://adsabs.harvard.edu/abs/2010AtmEn..44.1097L},
  adsnote =	 {Provided by the SAO/NASA Astrophysics Data System}
}


@article{hosseini-lead,
  title =	 "Bayesian estimation of airborne fugitive emissions
                  using a {G}aussian plume model",
  journal =	 "Atmospheric Environment",
  volume =	 141,
  pages =	 "122-138",
  year =	 2016,
  issn =	 "1352-2310",
  doi =		 "http://dx.doi.org/10.1016/j.atmosenv.2016.06.046",
  url =
                  "http://www.sciencedirect.com/science/article/pii/S1352231016304794",
  author =	 "Bamdad Hosseini and John M. Stockie",
  keywords =	 "Pollutant dispersion",
  keywords =	 "Gaussian plume",
  keywords =	 "Particle deposition",
  keywords =	 "Inverse problem",
  keywords =	 "Bayesian estimation "
}


@article{stockie2011siam,
  title =	 {The mathematics of atmospheric dispersion modeling},
  author =	 {Stockie, John. M.},
  journal =	 {SIAM Review},
  volume =	 53,
  number =	 2,
  pages =	 {349-372},
  year =	 2011
}

@article{bardsley-mcmc,
  title =	 {{MCMC}-based image reconstruction with uncertainty
                  quantification},
  author =	 {Bardsley, Johnathan M.},
  journal =	 {SIAM Journal on Scientific Computing},
  volume =	 34,
  number =	 3,
  pages =	 {A1316-A1332},
  year =	 2012,
  publisher =	 {SIAM}
}


@book{seinfeld,
  title =	 {Atmospheric Chemistry and Physics: From Air Pollution
                  to Climate Change},
  author =	 {Seinfeld, John H. and Pandis, Spyros N.},
  year =	 1997,
  publisher =	 {John Wiley \&\ Sons},
  address =	 {New York}
}

@manual{Rsensitivity,
  title =	 {Sensitivity analysis},
  author =	 {Pujol, Gilles and Iooss, Bertrand and Janon,
                  Alexandre},
  note =	 {R software package, version 1.10,
                  {http://cran.r-project.org/web/packages/sensitivity}},
  year =	 2014
}

@book{santner,
  title =	 {The Design and Analysis of Computer Experiments},
  author =	 {Santner, Thomas J. and Williams, Brian J. and Notz,
                  William I.},
  year =	 2013,
  publisher =	 {Springer},
  address =	 {New York, NY},
  series =	 {Springer Series in Statistics}
}

@manual{dicekriging,
  title =	 {Kriging methods for computer experiments},
  author =	 {Roustant, Olivier and Ginsbourger, David and Deville,
                  Yves and others},
  note =	 {R software package, version 1.5.3,
                  {http://cran.r-project.org/web/packages/DiceKriging/}},
  year =	 2014
}

@article{ohagan-bayesian,
  title =	 {Bayesian analysis of computer code outputs: {A}
                  tutorial},
  author =	 {O'Hagan, Anthony},
  journal =	 {Reliability Engineering \&\ System Safety},
  volume =	 91,
  number =	 10,
  pages =	 {1290-1300},
  year =	 2006,
  publisher =	 {Elsevier}
}

@article{kennedy-bayesian,
  title =	 {Bayesian calibration of computer models},
  author =	 {Kennedy, Marc C. and O'Hagan, Anthony},
  journal =	 {Journal of the Royal Statistical Society, Series B -- Statistical Methodology},
  volume =	 63,
  number =	 3,
  pages =	 {425-464},
  year =	 2001
}

@book{saltelli,
  title =	 {Sensitivity Analysis},
  author =	 {Saltelli, Andrea and Chan, Karen and Scott, E. Marian},
  volume =	 134,
  series =	 {Wiley Series in Probability and Statistics},
  year =	 2000,
  publisher =	 {Wiley},
  address =	 {New York, NY}
}

@book{stanley-stewart-2002,
  author =	 {Lisa G. Stanley and Dawn L. Stewart},
  title =	 {Design Sensitivity Analysis: Computational Issues of
                  Sensitivity Equation Methods},
  publisher =	 {SIAM},
  year =	 2002,
  series =	 {Frontiers in Applied Mathematics},
  address =	 {Philadelphia},
  doi =		 {10.1137/1.9780898717556}
}


@article{hamby-1994, 
  title =	 {A review of techniques for parameter sensitivity
                  analysis of environmental models},
  author =	 {Hamby, D. M. },
  journal =	 {Environmental Monitoring and Assessment},
  volume =	 32,
  number =	 2,
  pages =	 {135--154},
  year =	 1994
}

@article{pacyna1989modelling,
  title =	 {Modelling of long-range transport of trace elements:
                  A case study},
  author =	 {Pacyna, Jozef M. and Bartonova, Alena and Cornille,
                  Philippe and Maenhaut, Willy},
  journal =	 {Atmospheric Environment},
  volume =	 23,
  number =	 1,
  pages =	 {107--114},
  year =	 1989,
  publisher =	 {Elsevier}
}

@book{friedman2008elements,
  title={The elements of statistical learning},
  author={Friedman, Jerome and Hastie, Trevor and Tibshirani, Robert},
  year={2008},
  publisher={Springer},
  series={Springer Series in Statistics},
  address= {New York}
}



@article{gatz1975pollutant,
  title =	 {Pollutant aerosol deposition into southern {L}ake
                  {M}ichigan},
  author =	 {Gatz, Donald F},
  journal =	 {Water, Air \&\ Soil Pollution},
  volume =	 5,
  number =	 2,
  pages =	 {239--251},
  year =	 1975,
  publisher =	 {Springer}
}

@article{beyer-leveque,
  title =	 {Analysis of a one-dimensional model for the immersed
                  boundary method},
  author =	 {Beyer, Richard P. and LeVeque, Randall J.},
  year =	 1992,
  journal =	 {SIAM Journal on Numerical Analysis},
  volume =	 29,
  number =	 2,
  pages =	 {332--364}
}


@article{tornberg,
  title =	 {Numerical approximations of singular source terms in
                  differential equations},
  author =	 {Tornberg, Anna-Karin and Engquist, Bj{\"o}rn},
  journal =	 {Journal of Computational Physics},
  volume =	 200,
  number =	 2,
  pages =	 {462-488},
  year =	 2004
}


@article{tornberg-engq,
  title =	 {Regularization techniques for numerical approximation
                  of {PDEs} with singularities},
  author =	 {Tornberg, Anna-Karin and Engquist, Bj{\"o}rn},
  journal =	 {Journal of Scientific Computing},
  volume =	 19,
  number =	 {1-3},
  pages =	 {527-552},
  year =	 2003
}

@article{tornberg-quad,
  title =	 {Multi-dimensional quadrature of singular and
                  discontinuous functions},
  author =	 {Tornberg, Anna-Karin},
  journal =	 {BIT},
  volume =	 42,
  number =	 3,
  pages =	 {644--6695},
  year =	 2002
}


@book{bosq2012linear,
  title={Linear processes in function spaces: theory and applications},
  author={Bosq, Denis},
  number={149},
  series={Lecture Notes in Statistics},
  year={2012},
  publisher={Springer Science \& Business Media},
  address={New York}
}

@book{Brezis,
  title =	 {Functional Analysis, Sobolev Spaces and Partial
                  Differential Equations},
  author =	 {Haim Brezis}, 
  publisher =	 {Springer},
  address=       {New York},
  year =	 2011
}


@book{Heinonen,
  title =	{Nonlinear Potential Theory for Degenerate Elliptic
                  Equations},
  author =	 {Heinonen, Juha and Kilpel\"ainen, Tero and Martio, Olli},
  publisher =	 {Dover Publications Inc.},
  address =      {New York},
  year =	 2006
}

@article {fabes,
  author =	 {Fabes, Eugene B. and Kenig, Carlos E. and Serapioni,
                  Raul P.},
  title =	 {The local regularity of solutions of degenerate
                  elliptic equations},
  journal =	 {Communications in Partial Differential Equations},
  volume =	 7,
  year =	 1982,
  number =	 1,
  pages =	 {77--116},
  issn =	 {0360-5302},
  mrclass =	 {35J70 (35D10)},
  mrnumber =	 {643158 (84i:35070)},
  mrreviewer =	 {M.-T. Lacroix},
  doi =		 {10.1080/03605308208820218},
  url =		 {http://dx.doi.org/10.1080/03605308208820218},
}

@book {krein,
  AUTHOR =	 {Aheizer, N. I. and Krein, M.},
  TITLE =	 {Some questions in the theory of moments},
  SERIES =	 {Translations of Mathematical Monographs, Vol. 2},
  PUBLISHER =	 {American Mathematical Society},
  address =	 {Providence},
  YEAR =	 1962,
  PAGES =	 {v+265},
  MRCLASS =	 {44.60},
  MRNUMBER =	 {0167806 (29 \#5073)},
}

@book{leveque,
  title =	 {Finite Volume Methods for Hyperbolic Problems},
  author =	 {LeVeque, Randall J.},
  year =	 2002,
  publisher =	 {Cambridge University Press},
  series =	 {Cambridge Texts in Applied Mathematics}
}

@misc{clawpack-2006,
  title =	 {Clawpack software, Version 4.3},
  author =	 {{Clawpack Development Team}},
  note =	 {http://www.clawpack.org},
  year =	 2006
}

@book{hundsdorfer,
  title =	 {Numerical Solution of Time-Dependent
                  Advection-Diffusion-Reaction Equations},
  author =	 {Hundsdorfer, Willem and Verwer, Jan G.},
  year =	 2007,
  number =	 33,
  series =	 {Springer Series in Computational Mathematics},
  publisher =	 {Springer-Verlag},
  address =	 {Berlin}
}

@article{devore1998nonlinear,
  title={Nonlinear approximation},
  author={DeVore, R. A},
  journal={Acta numerica},
  volume={7},
  pages={51--150},
  year={1998},
  publisher={Cambridge University Press}
}


@book{friedman-2005,
  title =	 {Generalized Functions and Partial Differential
                  Equations},
  author =	 {Friedman, Avner},
  year =	 2005,
  publisher =	 {Dover Publications},
  address =	 {New York}
}

@book{friedman-2008,
  title =	 {Partial Differential Equations of the Parabolic Type},
  author =	 {Friedman, A.},
  year =	 2008,
  publisher =	 {Dover Publications},
  address =	 {New York}
}

@article{mcrae1982development,
  title =	 {Development of a second-generation mathematical model
                  for urban air {pollution -- I}. {Model} formulation},
  author =	 {McRae, Gregory J. and Goodin, William R. and Seinfeld,
                  John H.},
  journal =	 {Atmospheric Environment},
  volume =	 16,
  number =	 4,
  pages =	 {679-696},
  year =	 1982
}

@article{golder1972relations,
  title =	 {Relations among stability parameters in the surface
                  layer},
  author =	 {Golder, Donald},
  journal =	 {Boundary-Layer Meteorology},
  volume =	 3,
  number =	 1,
  pages =	 {47-58},
  year =	 1972
}

@article{monin1954basic,
  title =	 {Basic laws of turbulent mixing in the surface layer of
                  the atmosphere},
  author =	 {Monin, A. S. and Obukhov, A. M.},
  journal =	 {Contributions of the Geophysical Institute of
                  Slovakian Academy of Sciences, USSR},
  volume =	 151,
  pages =	 {163-187},
  year =	 1954
}

@article{pena-length,
  title =	 {On the length-scale of the wind profile},
  author =	 {Pe{\~{n}}a, Alfredo and Gryning, Sven-Erik and Mann,
                  Jakob},
  journal =	 {Quarterly Journal of the Royal Meteorological Society},
  volume =	 136,
  number =	 653,
  pages =	 {2119-2131},
  year =	 2010,
  publisher =	 {Wiley Online Library}
}

@book{arya1999air,
  title =	 {Air Pollution Meteorology and Dispersion},
  author =	 {{Pal Arya}, S.},
  year =	 1999,
  publisher =	 {Oxford University Press},
  address =	 {New York, NY}
}


@MastersThesis{hosseini-atmospheric-thesis,
  DIS= {hosseini-mscthesis-2013},
  author =	 {{Hosseini}, Bamdad},
  title =	 {{Dispersion of Pollutants in the Atmosphere: A
                  Numerical Study}},
  school =	 {Simon Fraser University},
  address =	 {Burnaby, Canada},
  year =	 2013,
  note =		 {Available online at: http://summit.sfu.ca/item/13646}
}

@article{keats2007bayesian,
  title =	 {Bayesian inference for source determination with
                  applications to a complex urban environment},
  author =	 {Keats, Andrew and Yee, Eugene and Lien, Fue-Sang},
  journal =	 {Atmospheric Environment},
  volume =	 41,
  number =	 3,
  pages =	 {465-479},
  year =	 2007,
  publisher =	 {Elsevier}
}

@article{ristic2015bayesian,
  title =	 {Bayesian likelihood-free localisation of a biochemical
                  source using multiple dispersion models},
  author =	 {Ristic, Branko and Gunatilaka, Ajith and Gailis, Ralph
                  and Skvortsov, Alex},
  journal =	 {Signal Processing},
  volume =	 108,
  pages =	 {13-24},
  year =	 2015,
  publisher =	 {Elsevier}
}

@article{senocak2008stochastic,
  title =	 {Stochastic event reconstruction of atmospheric
                  contaminant dispersion using {B}ayesian inference},
  author =	 {Senocak, Inanc and Hengartner, Nicolas W. and Short,
                  Margaret B. and Daniel, W. Brent},
  journal =	 {Atmospheric Environment},
  volume =	 42,
  number =	 33,
  pages =	 {7718-7727},
  year =	 2008,
  publisher =	 {Elsevier}
}

@article{kumar2015reconstruction,
  title =	 {Reconstruction of an atmospheric tracer source in an
                  urban-like environment},
  author =	 {Kumar, Pramod and Feiz, Amir-Ali and Singh, Sarvesh
                  Kumar and Ngae, Pierre and Turbelin, Gr{\'e}gory},
  journal =	 {Journal of Geophysical Research: Atmospheres},
  volume =	 120,
  number =	 24,
  pages =	 {12589--12604},
  year =	 2015,
  publisher =	 {Wiley Online Library}
}

@article{bocquet2005reconstruction,
  title =	 {Reconstruction of an atmospheric tracer source using
                  the principle of maximum entropy {II}: Applications},
  author =	 {Bocquet, Marc},
  journal =	 {Quarterly Journal of the Royal Meteorological Society},
  volume =	 131,
  number =	 610,
  pages =	 {2209--2223},
  year =	 2005,
  publisher =	 {Wiley Online Library}
}

@inproceedings{sharan2009inversion,
  title =	 {An inversion technique for the retrieval of
                  single-point emissions from atmospheric concentration
                  measurements},
  author =	 {Sharan, Maithili and Issartel, Jean-Pierre and Singh,
                  Sarvesh Kumar and Kumar, Pramod},
  booktitle =	 {Proceedings of the Royal Society of London A:
                  Mathematical, Physical and Engineering Sciences},
  year =	 2009,
  organization = {The Royal Society}
}

@article{pudykiewicz1998application,
  title =	 {Application of adjoint tracer transport equations for
                  evaluating source parameters},
  author =	 {Pudykiewicz, Janusz A.},
  journal =	 {Atmospheric Environment},
  volume =	 32,
  number =	 17,
  pages =	 {3039--3050},
  year =	 1998,
  publisher =	 {Elsevier}
}

@book{marchuk2013adjoint,
  title =	 {Adjoint Equations and Analysis of Complex Systems},
  author =	 {Marchuk, Guri I.},
  year =	 2013,
  publisher =	 {Springer Science \& Business Media},
  address={New York}
}

@article{sportisse2007review,
  title =	 {A review of current issues in air pollution modeling
                  and simulation},
  author =	 {Sportisse, Bruno},
  journal =	 {Computational Geosciences},
  volume =	 11,
  number =	 2,
  pages =	 {159-181},
  year =	 2007,
  publisher =	 {Springer}
}

@InProceedings{haupt-young-2008,
  title =	 {Paradigms for source characterization},
  author =	 {Haupt, Sue Ellen and Young, George S.},
  year =	 2008,
  booktitle =	 {Proceedings of the 15th Joint Conference on the
                  Applications of Air Pollution Meteorology with
                  {A\&WMA}},
  organization = {American Meteorological Society},
  month =	 jan # { 20-24, },
  address =	 {New Orleans, LA},
  pages =	 {{J6.1}}
}

@article{schwarz2009dispersion,
  title =	 {Dispersion by wind of {CO${}_2$} leaking from
                  underground storage: {C}omparison of analytical
                  solution with simulation},
  author =	 {Schwarz, Katherine T. and Patzek, Tad W. and Silin,
                  Dmitriy B.},
  journal =	 {International Journal of Greenhouse Gas Control},
  volume =	 3,
  number =	 4,
  pages =	 {422-430},
  year =	 2009,
  publisher =	 {Elsevier}
}

@article{pullen2005comparison,
  title =	 {A comparison of contaminant plume statistics from a
                  {G}aussian puff and urban {CFD} model for two large
                  cities},
  author =	 {Pullen, Julie and Boris, Jay P. and Young, Theodore
                  and Patnaik, Gopal and Iselin, John},
  journal =	 {Atmospheric Environment},
  volume =	 39,
  number =	 6,
  pages =	 {1049-1068},
  year =	 2005,
  publisher =	 {Elsevier}
}

@article{mazzoldi2008cfd,
  title =	 {{CFD} and {G}aussian atmospheric dispersion models:
                  {A} comparison for leak from carbon dioxide
                  transportation and storage facilities},
  author =	 {Mazzoldi, Alberto and Hill, Tim and Colls, Jeremy J.},
  journal =	 {Atmospheric Environment},
  volume =	 42,
  number =	 34,
  pages =	 {8046-8054},
  year =	 2008,
  publisher =	 {Elsevier}
}

@article{demael2008comparative,
  title =	 {Comparative evaluation of an {E}ulerian {CFD} and
                  {G}aussian plume models based on {P}rairie {G}rass
                  dispersion experiment},
  author =	 {Demael, E. and Carissimo, B.},
  journal =	 {Journal of Applied Meteorology and Climatology},
  volume =	 47,
  number =	 3,
  pages =	 {888-900},
  year =	 2008
}

@article{bady2006comparative,
  title =	 {Comparative study of concentrations and distributions
                  of {CO} and {NO} in an urban area: {G}aussian plume
                  model and {CFD} analysis},
  author =	 {Bady, M. and Kato, S. and Ooka, R. and Huang, H. and
                  Jiang, T.},
  journal =	 {WIT Transactions on Ecology and the Environment},
  volume =	 86,
  pages =	 {55-64},
  doi =		 {10.2495/AIR06006},
  year =	 2006,
  publisher =	 {WIT Press},
  address =	 {Southampton, UK}
}


@article{chock-1,
  title =	 "A comparison of numerical methods for solving the
                  advection equation",
  journal =	 "Atmospheric Environment",
  volume =	 17,
  number =	 1,
  pages =	 "11-24",
  year =	 1983,
  issn =	 "0004-6981",
  doi =		 "http://dx.doi.org/10.1016/0004-6981(83)90003-3",
  url =
                  "http://www.sciencedirect.com/science/article/pii/0004698183900033",
  author =	 "David P. Chock and Alan M. Dunker",
  abstract =	 "Six algorithms for solving the advection equation have
                  been compared as to their accuracy, speed and storage
                  requirements, the purpose being to determine the
                  suitability of the algorithms for use in photochemical
                  grid models. The algorithms tested are a
                  flux-correction method, a multidimensional
                  fluxcorrection method, an orthogonal-collocation
                  method, a second-moment method, a pseudospectral
                  method and a chapeau-function method. For some of
                  these, more than one variant of the method has been
                  examined. Also, some improvements are suggested in the
                  second-moment method. The test problem was the
                  rotation of a hill of concentration in a
                  two-dimensional, circular velocity field, and the
                  methods were tested at three or four time steps
                  (Courant numbers). The flux-correction and
                  orthogonal-collocation methods are the least accurate
                  and would not be good choices for photochemical
                  models. The pseudospectral method is the most
                  accurate, but it and the second-moment method require
                  the longest execution time. The chapeau-function and
                  multidimensional flux-correction methods appear the
                  most appropriate for photochemical grid models."
}

@article{chock-2,
  title =	 "A comparison of numerical methods for solving the
                  advection equation--{II}",
  journal =	 "Atmospheric Environment",
  volume =	 19,
  number =	 4,
  pages =	 "571-586",
  year =	 1985,
  issn =	 "0004-6981",
  doi =		 "http://dx.doi.org/10.1016/0004-6981(85)90036-8",
  url =
                  "http://www.sciencedirect.com/science/article/pii/0004698185900368",
  author =	 "David P. Chock",
  keywords =	 "Advection equation",
  keywords =	 "air pollution modeling",
  keywords =	 "finite element method",
  abstract =	 "Five algorithms and their variations for solving the
                  advection equation were compared in terms of their
                  accuracy, speed and storage requirements. The
                  algorithms are a chapeau-function method including
                  mass-lumping, Forester's method, a method called
                  Filtering Remedy and Methodology, a Hermite-cubic
                  orthogonal-collocation method and a quadratic function
                  method. The test problem was the rotation of a
                  cosine-shaped hill of concentration in a
                  two-dimensional circular velocity field at three
                  different time increments (or angular velocities). The
                  forward-Euler time-integration scheme coupled with a
                  balancing diffusion term was extensively used and was
                  found to be superior to the Crank-Nicolson scheme in
                  accuracy for the methods considered. Together with the
                  results of Part I (Atmospheric Environment17, 11–24,
                  1983), Forester's method applied to the
                  chapeau-function solution appears to be the best
                  method for solving the advection equation in
                  air-pollution modeling. The combined method retains
                  the peak value well, has high accuracy with little or
                  no negative concentration region, and requires short
                  execution time and minimal memory storage."
}

@article{chock-3,
  title =	 "A comparison of numerical methods for solving the
                  advection equation--{III}",
  journal =	 "Atmospheric Environment", 
  volume =	 25,
  number =	 5,
  pages =	 "853-871",
  year =	 1991,
  issn =	 "0960-1686",
  doi =		 "http://dx.doi.org/10.1016/0960-1686(91)90128-T",
  url =
                  "http://www.sciencedirect.com/science/article/pii/096016869190128T",
  author =	 "David P. Chock",
  keywords =	 "Advection equation",
  keywords =	 "numerical errors",
  abstract =	 "As a sequel to the previous studies (Atmospheric
                  Environment17, 11–24, 1983; Atmospheric Environment19,
                  571–586, 1985), four algorithms and their variations
                  for solving the advection equation were compared in
                  terms of their accuracy, speed and storage
                  requirements. The algorithms are the Smolarkiewicz
                  methods, the higher-degree-weighting Petrov-Galerkin
                  method, the Taylor-Galerkin method and the
                  accurate-space-derivative method. The test problem was
                  the rotation of a cosine-shaped hill of concetration
                  in a two-dimensional circular velocity field at three
                  or four different time increments. The Smolarkiewicz
                  methods were found to be highly diffusive. The
                  higher-degree-weighting Petrov-Galerkin method is
                  comparable to, in accuracy and storage, but more time
                  consuming than the chapeau-function method coupled
                  with the Crank-Nicolson scheme. The forward-Euler
                  Taylor-Galerkin method is even superior to the forward
                  Euler chapeau-function method with balancing
                  diffusion—a metho recommended previously, because it
                  has a greater range of applicable Courant number. The
                  accurate-space-derivative method is extremely accurate
                  but time consuming. A simple approach to remove the
                  requirement of periodic boundary conditions was
                  proposed which should enhance the attractiveness of
                  the method for air quality modeling."
}


@book{zlatev2006computational,
  title =	 {Computational and Numerical Challenges in
                  Environmental Modelling},
  author =	 {Zlatev, Z. and Dimov, I.},
  year =	 2006,
  publisher =	 {Elsevier},
  address =	 {Amsterdam}
}

@book{isakov,
  title =	 {Inverse Source Problems},
  author =	 {Isakov, Victor},
  year =	 1990,
  publisher =	 {American Mathematical Society},
  address =	 {Providence}
}

@article{roberts-1924,
  author =	 {O. F. T. Roberts},
  title =	 {The theoretical scattering of smoke in a turbulent
                  atmosphere},
  journal =	 {Philosophical Transactions of the Royal Society of
                  London, Series A},
  year =	 1924,
  volume =	 104,
  number =	 728,
  pages =	 {640-654},
}


@manual{calpuff,
  title =	 {A User's Guide for the {CALPUFF} Dispersion Model
                  (Version 5)},
  author =	 {Scire, Joseph S. and Strimaitis, David G. and
                  Yamartino, Robert J.},
  organization = {Earth Tech Inc.},
  address =	 {Concord, MA},
  month =	 jan,
  year =	 2000
}

@article{aermod,
  title =	 {{AERMOD}: A dispersion model for industrial source
                  applications. {P}art {I}: {G}eneral model formulation
                  and boundary layer characterization},
  author =	 {Cimorelli, Alan J. and Perry, Steven G. and Venkatram,
                  Akula and Weil, Jeffrey C. and Paine, Robert J. and
                  Wilson, Robert B. and Lee, Russell F. and Peters,
                  Warren D. and Brode, Roger W.},
  journal =	 {Journal of Applied Meteorology},
  volume =	 44,
  number =	 5,
  pages =	 {682-693},
  year =	 2005
}

@article{leelHossy2014dispersion,
  title =	 {Dispersion modeling of air pollutants in the
                  atmosphere: {A} review},
  author =	 {Leel{{\"o}}ssy, {\'A}d{\'a}m and Moln{\'a}r, Ferenc
                  and Izs{\'a}k, Ferenc and Havasi, {\'A}gnes and Lagzi,
                  Istv{\'a}n and M{\'e}sz{\'a}ros, R{\'o}bert},
  journal =	 {Open Geosciences},
  volume =	 6,
  number =	 3,
  pages =	 {257-278},
  year =	 2014
}

@book{bishop,
  title =	 {Pattern Recognition and Machine Learning},
  author =	 {Bishop, Christopher M.},
  year =	 2006,
  publisher =	 {Springer},
  address =	 {New York}
}

@book{gelman,
  title =	 {Bayesian Data Analysis},
  author =	 {Gelman, Andrew and Carlin, John B. and Stern, Hal
                  S. and Rubin, Donald B.},
  volume =	 2,
  year =	 2014,
  edition =	 {Third},
  publisher =	 {Taylor \&\ Francis},
  address =	 {Boca Raton}
}

@misc{thep-report,
  title =	 {{Trail Area Health \& Environment Program Document}},
  year =	 {September 9, 2014},
  author =	 {{Trail Area Health and Environment Committee}},
  note =	 {Available online at: {http://www.thep.ca/pages/reports/}}
}

@article{slinn-deposition-velocity,
  title =	 {Predictions for particle deposition on natural waters},
  author =	 {Slinn, S. A. and Slinn, W. G. N.},
  journal =	 {Atmospheric Environment},
  volume =	 14,
  number =	 9,
  pages =	 {1013-1016},
  year =	 1980,
  publisher =	 {Elsevier}
}

@article{Owen-particlesize,
  title =	 {Airborne particle sizes and sources found in indoor
                  air},
  journal =	 {Atmospheric Environment},
  volume =	 {26A},
  number =	 12,
  pages =	 {2149-2162},
  year =	 1992,
  issn =	 "0960-1686",
  doi =		 "http://dx.doi.org/10.1016/0960-1686(92)90403-8",
  url =
                  "http://www.sciencedirect.com/science/article/pii/0960168692904038",
  author =	 {M. K. Owen and D. S. Ensor and L. E. Sparks}
}

@techreport{EnvDustfallParticle,
  title =	 {Environment Dustfall Particulate Characterization},
  author =	 {Blaskovich, R. J.},
  group =	 {{Technology Group ART}},
  institution =	 {{Teck Resources Ltd. Operations at Trail}},
  year =	 {18 October 2013},
  number =	 "1224-915537"
}

@Manual{thermo-scientific-2015,
  title =	 {High-volume air samplers (product description)},
  organization = {Thermo Scientific},
  address =	 {Waltham, MA},
  year =	 2015,
  note =
                  {{http://www.thermoscientific.com/en/product/high-volume-air-samplers.html}}
}

@Manual{cooper-environmental-2015,
  title =	 {Ambient monitoring: {Xact 625} (product description)},
  organization = {Cooper Environmental},
  address =	 {Beaverton, OR},
  year =	 2015,
  note =
                  {\url{http://cooperenvironmental.com/ambient-monitoring}}
}

@article{ermak1977analytical,
  title =	 {An analytical model for air pollutant transport and
                  deposition from a point source},
  author =	 {Ermak, Donald L.},
  journal =	 {Atmospheric Environment},
  volume =	 11,
  number =	 3,
  pages =	 {231-237},
  year =	 1977,
  publisher =	 {Elsevier}
}

@techreport{hanna-briggs-hosker-1982,
  author =       {Steven R. Hanna and Gary A. Briggs and Rayford
                  P. {Hosker Jr.}},
  title =        {Handbook on Atmospheric Diffusion},
  institution =	 {Atmospheric Turbulence and Diffusion Lab, National
                  Oceanic and Atmospheric Administration},
  address =	 {Oak Ridge, TN},
  year =         1982,
  number =       {DOE/TIC-11223}
}

@Manual{epa-2010,
  organization = {{U.S. Environmental Protection Agency}},
  title =	 {Guideline on Air Quality Models},
  year =	 2010,
  address =	 {Washington, DC},
  note =	 {{Appendix W} to {P}art 51, {T}itle 40: {P}rotection of
                  the Environment, {C}ode of {F}ederal
                  {R}egulations. Available online at: {http://www.gpo.gov}}
}

@article{arya-1995,
  author =	 {S. Pal Arya},
  title =	 {Modeling and parameterization of near-source diffusion
                  in weak winds},
  journal =	 {Journal of Applied Meteorology},
  year =	 1995,
  volume =	 34,
  pages =	 {1112-1122}
}



@article{mcrae1982development,
  title =	 {Development of a second-generation mathematical model
                  for urban air {pollution -- I}. {Model} formulation},
  author =	 {McRae, Gregory J. and Goodin, William R. and Seinfeld,
                  John H.},
  journal =	 {Atmospheric Environment},
  volume =	 16,
  number =	 4,
  pages =	 {679-696},
  year =	 1982,
  publisher =	 {Elsevier}
}

@article{lee1997computational,
  title =	 {Computational Fluid Dynamics modeling for
                  emergency preparedness and response},
  author =	 {Lee, R. L. and Albritton, J. R. and Ermak, D. L. and Kim,
                  J.},
  journal =	 {Environmental Modelling \& Software},
  volume =	 12,
  number =	 1,
  pages =	 {43-50},
  year =	 1997,
  publisher =	 {Elsevier}
}

@article{christensen-prahm-1976,
  author =	 {Ove Christensen and Lars P. Prahm},
  title =	 {A pseudospectral model for dispersion of atmospheric
                  pollutants},
  journal =	 {Journal of Applied Meteorology}, 
  year =	 1976,
  volume =	 15,
  number =	 12,
  pages =	 {1284-1294}
}

@article{albani-etal-2015,
  author =	 {Roseane A. S. Albani and Fernando P. Duda and Luiz
                  Cl\'audio G. Pimentel},
  title =	 {On the modeling of atmospheric pollutant dispersion
                  during a diurnal cycle: {A} finite element study},
  journal =	 {Atmospheric Environment},
  year =	 2015,
  volume =	 118,
  pages =	 {19-27},
  doi =		 {10.1016/j.atmosenv.2015.07.036}
}

@article{miller-hively-1987,
  author =       {C. W. Miller and L. M. Hively},
  title =        {A review of validation studies for the {G}aussian
                  plume atmospheric dispersion model},
  journal =      {Nuclear Safety},
  year =         1987,
  volume =       28,
  number =       4,
  pages =        {522-531}
}

@article{turner-hurst-2001,
  author =	 {Richard Turner and Tony Hurst},
  title =	 {Factors influencing volcanic ash dispersal from the
                  1995 and 1996 eruptions of {M}ount {R}uapehu, {N}ew
                  {Z}ealand},
  journal =	 {Journal of Applied Meteorology}, 
  year =	 2001,
  volume =	 40,
  number =	 1,
  pages =	 {56-69}
}

@article{levin-etal-2003,
  author =	 {Simon A. Levin and Helene C. Muller-Landau and Ran
                  Nathan and J\'er\^ome Chave},
  title =	 {The ecology and evolution of seed dispersal: {A}
                  theoretical perspective},
  journal =	 {Annual Review of Ecology, Evolution and Systematics},
  year =	 2003,
  volume =	 34,
  pages =	 {575-604}
}

@article{bunton-etal-2007,
  author = 	 {Bryan Bunton and Patrick O'Shaughnessy and Sean
                  Fitzsimmons and John Gering and Stephen Hoff and
                  Merete Lyngbye and Peter S. Thorne and Jeffrey Wasson
                  and Mark Werner},
  title = 	 {Monitoring and modeling of emissions from concentrated
                  animal feeding operations: Overview of methods},
  journal = 	 {Environmental Health Perspectives},
  year = 	 2007,
  volume = 	 115,
  number = 	 2,
  pages = 	 {303-307}
}

@article{wade,
  title =	 {Stochastic reconstruction of multiple source
                  atmospheric contaminant dispersion events},
  author =	 {Wade, Derek and Senocak, Inanc},
  journal =	 {Atmospheric Environment},
  volume =	 74,
  pages =	 {45-51},
  year =	 2013,
  publisher =	 {Elsevier}
}

@article {yeh-reivew-groundwater,
author = {Yeh, William W-G.},
title = {Review of Parameter Identification Procedures in Groundwater Hydrology: The Inverse Problem},
journal = {Water Resources Research},
volume = {22},
number = {2},
issn = {1944-7973},
url = {http://dx.doi.org/10.1029/WR022i002p00095},
doi = {10.1029/WR022i002p00095},
pages = {95--108},
keywords = {Hydrology},
year = {1986},
}


@article{Huang20151,
  title =	 {Source area identification with observation from
                  limited monitor sites for air pollution episodes in
                  industrial parks},
  journal =	 {Atmospheric Environment},
  volume =	 122,
  pages =	 {1-9},
  year =	 2015,
  doi =		 "http://dx.doi.org/10.1016/j.atmosenv.2015.08.048",
  url =
                  "http://www.sciencedirect.com/science/article/pii/S1352231015302934",
  author =	 {Zihan Huang and Yuan Wang and Qi Yu and Weichun Ma and
                  Yan Zhang and Limin Chen},
  keywords =	 "Source area analysis",
  keywords =	 "Abnormal release",
  keywords =	 "Industrial park",
  keywords =	 "Limited monitor sites",
  keywords =	 "Back-calculation ",
  abstract =	 "Abstract Air pollution episodes of unknown origins are
                  often detected by online equipment for air quality
                  monitoring in industrial parks in China. The number of
                  monitors available to provide observation data, as
                  well as the source information, is often very
                  limited. In such case, the identification of a
                  potential source area is more practical than the
                  precise back-calculation of the real source. The
                  potential source area which can be deduced from the
                  observation data from limited monitors was concerned
                  in this paper. In order to do the source area
                  identification, two inverse methods, a direct method
                  and a statistical sampling method, were applied with a
                  Gaussian puff model as the forward modeling
                  method. The characteristic of the potential source
                  area was illustrated by case studies. Both synthetic
                  and real cases were presented. The distribution of the
                  source locations and its variation with the other
                  unknown source parameters were mainly focused in the
                  case study. As a screening method, source area
                  identification can be applied not only when the number
                  of effective monitors is limited but also when an
                  ideal number of monitors are available as long as the
                  source information is almost uncertain. "
}




@article{sanfelix-etal-2015,
  author =	 {V. Sanf\'{e}lix and A. Escrig and A. L\'{o}pez-Lilao
                  and I. Celades and E. Monfort},
  title =	 {On the source inversion of fugitive surface layer
                  releases. {P}art {I}. {M}odel formulation and
                  application to simple sources},
  journal =	 {Atmospheric Environment}, 
  year =	 2015,
  volume =	 109,
  pages =	 {171-177},
  doi =		 {10.1016/j.atmosenv.2015.03.024}
}

@article{cantelli-genetic,
  title =	 {Application of genetic algorithm for the simultaneous
                  identification of atmospheric pollution sources},
  author =	 {Cantelli, A and D'Orta, F and Cattini, A and
                  Sebastianelli, F and Cedola, L},
  journal =	 {Atmospheric Environment},
  volume =	 115,
  pages =	 {36--46},
  year =	 2015,
  publisher =	 {Elsevier}
}

@book{enting-2002,
  author =	 {Ian G. Enting},
  title =	 {Inverse Problems in Atmospheric Constituent Transport},
  publisher =	 {Cambridge University Press},
  year =	 2002,
  series =	 {Cambridge Atmospheric and Space Science Series}
}

@article{rao-2007,
  author =	 {K. Shankar Rao},
  title =	 {Source estimation methods for atmospheric dispersion},
  journal =	 {Atmospheric Environment}, 
  year =	 2007,
  volume =	 41,
  pages =	 {6964-6973}
}

@article{nikmo-etal-1999,
  author =	 {Juha Nikmo and Juha-Pekka Tuovinen and Jaakko Kukkonen
                  and Ilkka Valkama},
  title =	 {A hybrid plume model for local-scale atmospheric
                  dispersion},
  journal =	 {Atmospheric Environment}, 
  year =	 1999,
  volume =	 33,
  pages =	 {4389-4399}
}

@article{lange-1978,
  author =	 {Rolf Lange},
  title =	 {{ADPIC} -- {A} three-dimensional particle-in-cell
                  model for the dispersal of atmospheric pollutants and
                  its comparison to regional tracer studies},
  journal =	 {Journal of Applied Meteorology}, 
  year =	 1978,
  volume =	 17,
  number =	 3,
  pages =	 {320-329}
}

@article{park-baik-2008,
  author =       {Young-San Park and Jong-Jin Baik},
  title =        {Analytical solution of the advection-diffusion
                  equation for a ground-level finite area source},
  journal =      {Atmospheric Environment}, 
  year =         2008,
  volume =       42,
  pages =        {9063-9069}
}

@article{okamoto-etal-2001,
  author =       {S. Okamoto and H. Ohnishi and T. Yamada and T. Mikami
                  and S. Momose and H. Shinji and T. Itohiya},
  title =        {A model for simulating atmospheric dispersion in low
                  wind conditions},
  journal =      {International Journal of Environment and Pollution}, 
  year =         2001,
  volume =       16,
  number =       {1-6},
  pages =        {69-79}
}

@techreport{briggs,
  title =	 {Diffusion estimation for small emissions},
  author =	 {Briggs, Gary A.},
  type =	 {Atmospheric Turbulence and Diffusion Laboratory
                  Contribution, ATDL File No.},
  number =	 79,
  institution =	 {National Oceanic and Atmospheric Administration},
  address =	 {Oak Ridge, TN},
  pages =	 {83-145},
  month =	 may,
  year =	 1973
}

@article{mcrae1982numerical,
  title =	 {Numerical solution of the atmospheric diffusion
                  equation for chemically reacting flows},
  author =	 {McRae, Gregory J. and Goodin, William R. and Seinfeld,
                  John H.},
  journal =	 {Journal of Computational Physics},
  volume =	 45,
  number =	 1,
  pages =	 {1-42},
  year =	 1982,
  publisher =	 {Elsevier}
}

@article{sutton1932theory,
  title =	 {A theory of eddy diffusion in the atmosphere},
  author =	 {Sutton, O. G.},
  journal =	 {Proceedings of the Royal Society of London, Series A},
  volume =	 135,
  number =	 826,
  pages =	 {143-165},
  year =	 1932
}

@article{taylor1915eddy,
  title =	 {Eddy motion in the atmosphere},
  author =	 {Taylor, Geoffrey I.},
  journal =	 {Philosophical Transactions of the Royal Society of
                  London, Series A},
  volume =	 215,
  pages =	 {1-26},
  year =	 1915
}


@article{dimov,
  title =	 {Computational challenges in the numerical treatment of
                  large air pollution models},
  author =	 {Dimov, I. and Georgiev, K. and Ostromsky, Tz. and
                  Zlatev, Z.},
  journal =	 {Ecological Modelling},
  volume =	 179,
  number =	 2,
  pages =	 {187-203},
  year =	 2004,
  publisher =	 {Elsevier}
}

@proceedings{tanaka-inverse,
  title={Inverse problems in engineering mechanics},
  editor={Tanaka, Masataka and Dulikravich, George S},
  series={International Symposium on Inverse Problems in Engineering Mechanics},
  year={1998},
  publisher={Elsevier},
  address={Nagano}
}

@article{yamamoto-stability,
  title={Stability, reconstruction formula and regularization for an inverse source hyperbolic problem by a control method},
  author={Yamamoto, Masahiro},
  journal={Inverse Problems},
  volume={11},
  number={2},
  pages={481},
  year={1995},
  publisher={IOP Publishing}
}

@article{thompson-suns-rotation,
  title={Linear inversions for the Sun's internal rotation},
  author={Thompson, MJ},
  journal={Inverse Problems},
  volume={11},
  number={4},
  pages={709},
  year={1995},
  publisher={IOP Publishing}
}

@book{chan2005image,
  title={Image processing and analysis: variational, PDE, wavelet, and stochastic methods},
  author={Chan, Tony F and Shen, Jianhong},
  year={2005},
  publisher={SIAM},
  address={Philadelphia}
}


@article{peskin,
  title =	 {The immersed boundary method},
  author =	 {Peskin, Charles S.},
  journal =	 {Acta Numerica},
  volume =	 11,
  pages =	 {479--517},
  year =	 {2002},
  publisher =	 {Cambridge University Press}
}


@misc{deal-II,
  key =		 {deal.II},
  title =	 {Deal.{II} Finite Element Package, Version 8.0.0},
  month =	 jul,
  year =	 2013,
  version =	 {8.0.0},
  howpublished = {\url{http://www.dealii.org/8.0.0}}
}


@book{duffy,
  title =	 {Green's Functions With Applications},
  author =	 {Duffy, Dean G.},
  year =	 {2010},
  series=        {Studies in Advanced Mathemaitcs},
  publisher =	 {CRC Press},
  address=       {New York}
}


@book{chebfun-guide,
  title =	 {Chebfun Guide},
  author =	 {Driscoll, T. A. and Hale, N. and Trefethen, L. N. and
                  editors},
  publisher =	 {Pafnuty Publications},
  address=       {Oxford},
  year =	 {2014}
}


@article{Morin,
  title =	 {A posteriori error estimates for elliptic problems
                  with {D}irac measure terms in weighted spaces},
  author =	 {Agnelli, Juan Pablo and Garau, Eduardo M. and Morin,
                  Pedro},
  journal =	 {ESAIM: Mathematical Modelling and Numerical Analysis},
  volume =	 48,
  pages =	 {1557-1581},
  year =	 2014,
  publisher =	 {EDP Sciences}
}


@article{Dangelo,
  title =	 {Finite element approximation of elliptic problems with
                  {D}irac measure terms in weighted spaces: {A}pplications
                  to one-and three-dimensional coupled problems},
  author =	 {D'Angelo, Carlo},
  journal =	 {SIAM Journal on Numerical Analysis},
  volume =	 50,
  number =	 1,
  pages =	 {194--215},
  year =	 2012,
  publisher =	 {SIAM}
}


@book{mclean,
  title =	 {Strongly Elliptic Systems and Boundary Integral
                  Equations},
  author =	 {McLean, William},
  year =	 {2000},
  publisher =	 {Cambridge University Press},
  address={Cambridge}
}

@article{walden,
  title =	 {On the approximation of singular source terms in
                  differential equations},
  author =	 {Wald{\'e}n, Johan},
  journal =	 {Numerical Methods for Partial Differential Equations},
  volume =	 {15},
  number =	 {4},
  pages =	 {503--520},
  year =	 {1999},
  publisher =	 {Wiley Online Library}
}



@article{mori-CPAM,
title={Convergence proof of the velocity field for a {S}tokes flow immersed boundary method},
author = {Mori, Yoichiro},
year ={2008},
journal={Communications on Pure and Applied Mathematics},
volume={{LXI}},
pages={1213--1263}
}


@article{Benvenuti-XFEM,
title={A regularized {XFEM} framework for embedded cohesive interfaces},
author={Benvenuti, Elena},
year= {2008},
journal= {Computational Methods in Applied Mechanics and Engineering},
volume={2008},
pages={4367--4378}
}

@article{Benvenuti-reg-sing,
title={Accuracy of three-dimensional analysis of regularized singularities},
author={Benvenuti, Elena and Ventura, Giulio and Ponara, Nicola and Tralli, Antonio},
year = {2014},
journal={International Journal for Numerical Methods in Engineering},
volume={101},
pages={29--53}
}


@article{suarez,
  title =	 {A high-order {D}irac-delta regularization with optimal
                  scaling in the spectral solution of one-dimensional
                  singular hyperbolic conservation Laws},
  author =	 {Suarez, J.-P. and Jacobs, G. B. and Don, W.-S.},
  journal =	 {SIAM Journal on Scientific Computing},
  volume =	 36,
  number =	 4,
  pages =	 {A1831--A1849},
  year =	 2014,
  publisher =	 {SIAM}
}


@article{tornberg-zahedi,
title={Delta function approximations in level set methods by distance function extension},
author = {Zahedi, Sara and Tornberg, Anna-Karin},
journal={Journal of Computational Physics},
volume={229},
year={2010},
pages={2199--2219}
}


@article{liumori,
  AUTHOR =	 {Liu, Yang and Mori, Yoichiro},
  TITLE =	 {Properties of discrete delta functions and local
                  convergence of the immersed boundary method},
  JOURNAL =	 {SIAM Journal on Numerical Analysis},
  VOLUME =	 50,
  YEAR =	 2012,
  NUMBER =	 6,
  PAGES =	 {2986--3015},
  ISSN =	 {0036-1429},
  CODEN =	 {SJNAAM},
  MRCLASS =	 {65N06 (65N85 74F10 76M20)},
  MRNUMBER =	 3022251,
  MRREVIEWER =	 {R{\'e}mi Vaillancourt},
  DOI =		 {10.1137/110836699},
  URL =		 {http://dx.doi.org/10.1137/110836699},
}

@article {liumori2,
  AUTHOR =	 {Liu, Yang and Mori, Yoichiro},
  TITLE =	 {{$L^p$} convergence of the immersed boundary method
                  for stationary {S}tokes problems},
  JOURNAL =	 {SIAM Journal on Numerical Analysis},
  VOLUME =	 52,
  YEAR =	 2014,
  NUMBER =	 1,
  PAGES =	 {496--514},
  ISSN =	 {0036-1429},
  MRCLASS =	 {76D07 (65N06 65N80 74F10)},
  MRNUMBER =	 3166965,
  MRREVIEWER =	 {Jeffrey J. Heys},
  DOI =		 {10.1137/130911329},
  URL =		 {http://dx.doi.org/10.1137/130911329},
}


@article{engquist, 
  author =       {Engquist, B. and Tornberg, A.-K. and
                  Tsai, Richard}, 
  title =        {Discretization of {D}irac delta functions in level set
                  methods},
  journal =      {Journal of Computational Physics},
  year =         2005,
  volume =       207,
  pages =        {28-51}
}


@article{CortezMinion,
  author =	 {R. Cortez and M. Minion},
  title =	 {The blob projection method for immersed boundary
                  problems},
  journal =	 {Journal of Computational Physics},
  year =	 2000,
  volume =	 161,
  number =	 2,
  pages =	 {428-453}
}


@article{majda,
  title =	 {Vortex methods. {II}. {H}igher order accuracy in two
                  and three dimensions},
  author =	 {J. Thomas Beale and Andrew Majda},
  journal =	 {Mathematics of Computation},
  volume =	 39,
  pages =	 {29--52},
  year =	 1982
}


@book{osher,
  title =	 {Level Set Methods and Dynamic Implicit Surfaces},
  author =	 {Stanley J. Osher and Ronald P. Fedkiw},
  year =	 2003,
  publisher =	 {Springer},
  address={New York},
  volume={153},
  series ={Applied Mathematical Sciences}
}



@article {shu,
  AUTHOR =	 {Yang, Yang and Shu, Chi-Wang},
  TITLE =	 {Discontinuous {G}alerkin method for hyperbolic
                  equations involving {$\delta$}-singularities:
                  negative-order norm error estimates and applications},
  JOURNAL =	 {Numerische Mathematik},
  VOLUME =	 124,
  YEAR =	 2013,
  NUMBER =	 4,
  PAGES =	 {753--781},
  ISSN =	 {0029-599X},
  MRCLASS =	 {65M60 (65M15)},
  MRNUMBER =	 3073959,
  MRREVIEWER =	 {Srinivasan Kesavan},
  DOI =		 {10.1007/s00211-013-0526-8},
  URL =		 {http://dx.doi.org/10.1007/s00211-013-0526-8},
}


@article{boffi-gastaldi-2003,
  author =	 {Daniele Boffi and Lucia Gastaldi},
  title =	 {A finite element approach for the immersed boundary
                  method},
  journal =	 {Computers \&\ Structures},
  year =	 2003,
  volume =	 81,
  number =	 {8-11},
  pages =	 {491-501}
}

@misc{boffi-gastaldi-2014,
  author =	 {Daniele Boffi and Lucia Gastaldi},
  title =	 {Discrete models for fluid-structure interactions
                  The finite element immersed boundary method},
  year =	 2014,
  note =	 {arXiv:1407.5261v1},
  annote =	 {A survey paper on their FE-IB method.}
}

@article{iop-inverse-bayesian-issue,
title={Inverse problems in the {B}ayesian framework (special issue)},
year={2014},
volume={30},
number={11},
journal={Inverse Problems}
}


@article{maier,
  title={Magnetic resonance acoustic radiation force imaging},
  author={McDannold, Nathan and Maier, Stephan E.},
  journal={Medical Physics},
  volume={35},
  number={8},
  pages={3748--3758},
  year={2008},
  publisher={American Association of Physicists in Medicine}
}


@article{zaporzan2013matmri,
  title={{MatMRI} and {MatHIFU}: software toolboxes for real-time monitoring and control of {MR}-guided {HIFU}},
  author={Zaporzan, Benjamin and Waspe, Adam C and Looi, Thomas and Mougenot, Charles and Partanen, Ari and Pichardo, Samuel},
  journal={Journal of Therapeutic Ultrasound},
  volume={1},
  number={1},
  pages={1--12},
  year={2013},
  publisher={Springer}
}


@inproceedings{elodie,
title={Mapping of insertion losses and time-of-flight delays of pediatric skulls using a clinical {MR}-guided High Intensity Focused Ultrasound system},
author ={Constanciel Colas, Elodie and  Waspe, Adam C. and  Mougenot, Charles and  Looi, Thomas and
 Pichardo, Samuel and  Drake,James M.},
booktitle={International Society for Therapeutic Ultrasound},
address = {Utrecht, Netherlands},
month = {April},
year  = {2015}
}


@article{Haar-HIFU,
  title={High intensity focused ultrasound: physical principles and devices},
  author={ter Haar, Gail and Coussios, Constantin},
  journal={International Journal of Hyperthermia},
  volume={23},
  number={2},
  pages={89--104},
  year={2007},
  publisher={Taylor and Francis}
}


@book{rayleigh,
  title={The theory of sound},
  author={Rayleigh, J. W. S.},
  year={1945},
  publisher={Dover Publications Inc., New York}
}


@article{fox-geothermal, title={Bayesian calibration of a large-scale geothermal reservoir model by a new adaptive delayed acceptance {M}etropolis {H}astings algorithm}, volume={47}, ISSN={00431397}, DOI={10.1029/2010WR010352}, abstractNote={The aim of this research is to estimate the parameters of a large-scalennumerical model of a geothermal reservoir using Markov chain Monte\nCarlo (MCMC) sampling, within the framework of Bayesian inference.\nAll feasible parameters that are consistent with the measured data\nare summarized by the posterior distribution, and hence parameter\nestimation and uncertainty quantification are both given by calculating\nexpected values of statistics of interest over the posterior distribution.\nIt appears to be computationally infeasible to use the standard Metropolis-Hastings\nalgorithm (MH) to sample the high dimensional computationally expensive\nposterior distribution. To improve the sampling efficiency, a new\nadaptive delayed-acceptance MH algorithm (ADAMH) is implemented to\nadaptively build a stochastic model of the error introduced by the\nuse of a reduced-order model. This use of adaptivity differs from\nexisting adaptive MCMC algorithms that tune proposal distributions\nof the Metropolis-Hastings algorithm (MH), though ADAMH also implements\nthat technique. For the 3-D geothermal reservoir model we present\nhere, ADAMH shows a great improvement in the computational efficiency\nof the MCMC sampling, and promising results for parameter estimation\nand uncertainty quantification are obtained. This algorithm could\noffer significant improvement in computational efficiency when implementing\nsample-based inference in other large-scale inverse problems.}, number={10}, journal={Water Resources Research}, author={Cui, T. and Fox, C. and O'Sullivan, M. J.}, year={2011}}


@article{arridge-dot, title={Approximation errors and model reduction with an application in optical diffusion tomography}, volume={22}, ISBN={0266-5611}, ISSN={0266-5611}, url={http://eprints.ucl.ac.uk/13235/}, DOI={10.1088/0266-5611/22/1/010}, abstractNote={Model reduction is often required in several applications, typically due to limited available time, computer memory or other restrictions. In problems that are related to partial differential equations, this often means that we are bound to use sparse meshes in the model for the forward problem. Conversely, if we are given more and more accurate measurements, we have to employ increasingly accurate forward problem solvers in order to exploit the information in the measurements. Optical diffusion tomography (ODT) is an example in which the typical required accuracy for the forward problem solver leads to computational times that may be unacceptable both in biomedical and industrial end applications. In this paper we review the approximation error theory and investigate the interplay between the mesh density and measurement accuracy in the case of optical diffusion tomography. We show that if the approximation errors are estimated and employed, it is possible to use mesh densities that would be unacceptable with a conventional measurement model.}, author={Arridge, S.R. and Kaipio, J.P. and Kolehmainen, V. and Schweiger, M. and Somersalo, E. and Tarvainen, T. and Vauhkonen, M.}, year={2006}, pages={175--195}, journal={Inverse Problems}}



@article{kaye,
  title={Application of {Z}ernike polynomials towards accelerated adaptive focusing of transcranial high intensity focused ultrasound},
  author={Kaye, E. A. and Hertzberg, Y. and Marx, M. and Werner, B. and Navon, G. and Levoy, M. and Pauly, K. B.},
  journal={Medical Physics},
  volume={39},
  number={10},
  pages={6254--6263},
  year={2012},
  publisher={American Association of Physicists in Medicine}
}


@article{marsac2012mr,
  title={{MR}-guided adaptive focusing of therapeutic ultrasound beams in the human head},
  author={Marsac, Laurent and Chauvet, Dorian and Larrat, Benoˆ{\i}t and Pernot, Mathieu and Robert, B and Fink, Mathias and Boch, Anne-Laure and Aubry, Jean-Fran{\c{c}}ois and Tanter, Micka{\"e}l},
  journal={Medical Physics},
  volume={39},
  number={2},
  pages={1141--1149},
  year={2012},
  publisher={American Association of Physicists in Medicine}
}

@article{chen2010optimization,
  title={Optimization of encoding gradients for {MR-ARFI}},
  author={Chen, Jing and Watkins, Ron and Pauly, Kim Butts},
  journal={Magnetic Resonance in Medicine},
  volume={63},
  number={4},
  pages={1050--1058},
  year={2010},
  publisher={Wiley Online Library}
}

@article{marquet-CT,
  title={Non-invasive transcranial ultrasound therapy based on a {3D CT} scan: protocol validation and in vitro results},
  author={Marquet, F. and Pernot, M. and Aubry, J. F. and Montaldo, G. and Marsac, L. and Tanter, M. and Fink, M.},
  journal={Physics in Medicine and Biology},
  volume={54},
  number={9},
  pages={2597},
  year={2009},
  publisher={IOP Publishing}
}


@article{aubry-CT,
  title={Experimental demonstration of noninvasive transskull adaptive focusing based on prior computed tomography scans},
  author={Aubry, J. F. and Tanter, M. and Pernot, M. and Thomas, J. L. and Fink, M.},
  journal={The Journal of the Acoustical Society of America},
  volume={113},
  number={1},
  pages={84--93},
  year={2003},
  publisher={Acoustical Society of America}
}



@article{hynynen,
  title={Trans-skull ultrasound therapy: The feasibility of using image-derived skull thickness information to correct the phase distortion},
  author={Hynynen, K. and Sun, J.},
  journal={ IEEE Transactions on Ultrasonics, Ferroelectrics, and Frequency Control},
  volume={46},
  number={3},
  pages={752--755},
  year={1999},
  publisher={IEEE}
}


@article{lipsman,
  title={{MR}-guided focused ultrasound thalamotomy for essential tremor: a proof-of-concept study},
  author={Lipsman, Nir and Schwartz, Michael L and Huang, Yuexi and Lee, Liesly and Sankar, Tejas and Chapman, Martin and Hynynen, Kullervo and Lozano, Andres M},
  journal={The Lancet Neurology},
  volume={12},
  number={5},
  pages={462--468},
  year={2013},
  publisher={Elsevier}
}


@article{jeanmonod,
  title={Transcranial magnetic resonance imaging--guided focused ultrasound: noninvasive central lateral thalamotomy for chronic neuropathic pain},
  author={Jeanmonod, Daniel and Werner, Beat and Morel, Anne and Michels, Lars and Zadicario, Eyal and Schiff, Gilat and Martin, Ernst},
  journal={Neurosurgical Focus},
  volume={32},
  number={1},
  pages={E1},
  year={2012},
  publisher={American Association of Neurological Surgeons}
}


@article{elias2013pilot,
  title={A pilot study of focused ultrasound thalamotomy for essential tremor},
  author={Elias, W Jeffrey and Huss, Diane and Voss, Tiffini and Loomba, Johanna and Khaled, Mohamad and Zadicario, Eyal and Frysinger, Robert C and Sperling, Scott A and Wylie, Scott and Monteith, Stephen J and others},
  journal={New England Journal of Medicine},
  volume={369},
  number={7},
  pages={640--648},
  year={2013},
  publisher={Mass Medical Soc}
}


@article{wu2004,
  title={Extracorporeal high intensity focused ultrasound ablation in the treatment of 1038 patients with solid carcinomas in {China}: an overview},
  author={Wu, Feng and Wang, Zhi-Biao and Chen, Wen-Zhi and Wang, Wei and Gui, Yongzhong and Zhang, Ming and Zheng, Guoqiang and Zhou, Yongjian and Xu, Guoliang and Li, Ming and others},
  journal={Ultrasonics Sonochemistry},
  volume={11},
  number={3},
  pages={149--154},
  year={2004},
  publisher={Elsevier}
}



@article{illing-safety,
  title={The safety and feasibility of extracorporeal high-intensity focused ultrasound ({HIFU}) for the treatment of liver and kidney tumours in a Western population},
  author={Illing, RO and Kennedy, JE and Wu, F and Ter Haar, GR and Protheroe, AS and Friend, PJ and Gleeson, FV and Cranston, DW and Phillips, RR and Middleton, MR},
  journal={British Journal of Cancer},
  volume={93},
  number={8},
  pages={890--895},
  year={2005},
  publisher={Nature Publishing Group}
}


@article{crouzet,
  title={High intensity focused ultrasound ({HIFU}) for prostate cancer: current clinical status, outcomes and future perspectives},
  author={Crouzet, Sebastien and Murat, Francois J and Pasticier, Gilles and Cassier, Philippe and Chapelon, Jean Y and Gelet, Albert},
  journal={International Journal of Hyperthermia},
  volume={26},
  number={8},
  pages={796--803},
  year={2010},
  publisher={Informa UK, Ltd. London}
}


@article{stewart-clinical,
  title={Clinical outcomes of focused ultrasound surgery for the treatment of uterine fibroids},
  author={Stewart, Elizabeth A and Rabinovici, Jaron and Tempany, Clare MC and Inbar, Yael and Regan, Leslie and Gastout, Bobbie and Hesley, Gina and Kim, Hyun S and Hengst, Suzanne and Gedroye, Wladyslaw M},
  journal={Fertility and Sterility},
  volume={85},
  number={1},
  pages={22--29},
  year={2006},
  publisher={Elsevier}
}


@article{ikink,
  title={Mid-term clinical efficacy of a volumetric magnetic resonance-guided high-intensity focused ultrasound technique for treatment of symptomatic uterine fibroids},
  author={Ikink, Marlijne E and Voogt, Marianne J and Verkooijen, Helena M and Lohle, Paul NM and Schweitzer, Karlijn J and Franx, Arie and Willem, P Th M and Bartels, Lambertus W and van den Bosch, Maurice AAJ},
  journal={European Radiology},
  volume={23},
  number={11},
  pages={3054--3061},
  year={2013},
  publisher={Springer}
}


@article{fennessy,
  title={A review of magnetic resonance imaging-guided focused ultrasound surgery of uterine fibroids},
  author={Fennessy, Fiona M and Tempany, Clare M},
  journal={Topics in Magnetic Resonance Imaging},
  volume={17},
  number={3},
  pages={173--179},
  year={2006},
  publisher={LWW}
}

@article{hosseini-MH-self-decomposable,
title={A {Metropolis-Hastings} algorithm for posterior measures with
self-decomposable priors},
author={Bamdad Hosseini},
note={In preparation}
}

@article{grote2017adaptive,
  title={Adaptive eigenspace method for inverse scattering problems in the frequency domain},
  author={Grote, Marcus J and Kray, Marie and Nahum, Uri},
  journal={Inverse Problems},
  volume={33},
  number={2},
  pages={025006},
  year={2017},
  publisher={IOP Publishing}
}

@article{de2013new,
  title={A new approach to solve the inverse scattering problem for waves: combining the {TRAC} and the adaptive inversion methods},
  author={De Buhan, Maya and Kray, Marie},
  journal={Inverse Problems},
  volume={29},
  number={8},
  pages={085009},
  year={2013},
  publisher={IOP Publishing}
}

@article{de2010logarithmic,
  title={Logarithmic stability in determination of a {3D} viscoelastic coefficient and a numerical example},
  author={De Buhan, Maya and Osses, Axel},
  journal={Inverse Problems},
  volume={26},
  number={9},
  pages={095006},
  year={2010},
  publisher={IOP Publishing}
}

@article{van2016conditions,
  title={Conditions for posterior contraction in the sparse normal means problem},
  author={van der Pas, SL and Salomond, J-B and Schmidt-Hieber, Johannes and others},
  journal={Electronic Journal of Statistics},
  volume={10},
  number={1},
  pages={976--1000},
  year={2016},
  publisher={The Institute of Mathematical Statistics and the Bernoulli Society}
}

@article{castillo2015bayesian,
  title={Bayesian linear regression with sparse priors},
  author={Castillo, Isma{\"e}l and Schmidt-Hieber, Johannes and Van der Vaart, Aad and others},
  journal={The Annals of Statistics},
  volume={43},
  number={5},
  pages={1986--2018},
  year={2015},
  publisher={Institute of Mathematical Statistics}
}