@book{latexcompanion,
   author = {Frank Mittelbach and Michel Goossens},
   title = {The {\LaTeX} Compation},
   publisher = {Addison-Wesley},
   year = {2004}
   }
