%Book on statistical inverse problems
@book{Somersalo,
	title="Statistical and computational inverse problems",
	author="Somersalo and Kaipio",
	year="2005",
	publisher="Springer-Verlag"
}

%Book by Jayines in Bayesian Statistics
@book{jaynes2003probability,
  title="Probability theory: The logic of science",
  author="Jaynes, Edwin T",
  year="2003",
  publisher="Cambridge university press"
}

%Article by O'hagan that talks about emulators
@article{o2006bayesian,
  title="Bayesian analysis of computer code outputs: a tutorial",
  author="Oâ€™Hagan, Anthony",
  journal="Reliability Engineering \& System Safety",
  volume="91",
  number="10",
  pages="1290--1300",
  year="2006",
  publisher="Elsevier"
}

%Article by Kennedy that complements what O'hagan said
@article{kennedy2001bayesian,
  title="Bayesian calibration of computer models",
  author="Kennedy, Marc C and O'Hagan, Anthony",
  journal="Journal of the Royal Statistical Society: Series B (Statistical Methodology)",
  volume="63",
  number="3",
  pages="425--464",
  year="2001",
  publisher="Wiley Online Library"
}

%The book of sensitivity analysis that talks about Sobol indices
@book{saltelli2000sensitivity,
  title="Sensitivity analysis",
  author="Saltelli, Andrea and Chan, Karen and Scott, E Marian and others",
  volume="1",
  year="2000",
  publisher="Wiley New York"
}

%Book on gaussian processes in machine learning
@article{rasmussen2006gaussian,
  title={Gaussian processes for machine learning},
  author={Rasmussen, Carl Edward},
  year={2006},
  publisher={Citeseer}
}

%Article that talks about computer experiments with emphasis in space filling design

@article{pronzato2012design,
  title={Design of computer experiments: space filling and beyond},
  author={Pronzato, Luc and M{\"u}ller, Werner G},
  journal={Statistics and Computing},
  volume={22},
  number={3},
  pages={681--701},
  year={2012},
  publisher={Springer}
}


%Space filling designs using minimax and maximin

@article{johnson1990minimax,
  title={Minimax and maximin distance designs},
  author={Johnson, Mark E and Moore, Leslie M and Ylvisaker, Donald},
  journal={Journal of statistical planning and inference},
  volume={26},
  number={2},
  pages={131--148},
  year={1990},
  publisher={Elsevier}
}

%Rigurous GPs

@book{lifshits2012lectures,
  title={Lectures on Gaussian processes},
  author={Lifshits, Mikhail},
  booktitle={Lectures on Gaussian Processes},
  pages={1--117},
  year={2012},
  publisher={Springer}
}


%Cool book in functional analysis

@book{bressan1900lecture,
  title={Lecture Notes on Functional Analysis},
  author={Bressan, Alberto},
  year={1900},
  publisher={American Mathematical Society}
}

%Book on Gaussian random functions

@book{lifshits2013gaussian,
  title={Gaussian random functions},
  author={Lifshits, Mikhail Anatolevich},
  volume={322},
  year={2013},
  publisher={Springer Science \& Business Media}
}

%Article that talks about DiceKriging


@article{dupuy2015dicedesign,
  title="DiceDesign and DiceEval: Two R packages for design and analysis of computer experiments",
  author="Dupuy, Delphine and Helbert, C{\'e}line and Franco, Jessica and others",
  journal="Journal of Statistical Software",
  volume="65",
  number="11",
  pages="1--38",
  year="2015",
  publisher="Foundation for Open Access Statistics"
}

