%Book on statistical inverse problems
@book{Somersalo,
	title="Statistical and Computational Inverse Problems",
	author="E. Somersalo and J. Kaipio",
	year="2005",
	publisher="Springer-Verlag"
}

%Book by Jayines in Bayesian Statistics
@book{jaynes2003probability,
  title="Probability Theory: The Logic of Science",
  author="Jaynes, Edwin T",
  year="2003",
  publisher="Cambridge University Press"
}

%Article by O'hagan that talks about emulators
@article{o2006bayesian,
  title="Bayesian Analysis of Computer Code Outputs: a Tutorial",
  author="O`Hagan, Anthony",
  journal="Reliability Engineering \& System Safety",
  volume="91",
  number="10",
  pages="1290--1300",
  year="2006",
  publisher="Elsevier"
}

%Article by Kennedy that complements what O'hagan said
@article{kennedy2001bayesian,
  title="Bayesian Calibration of Computer Models",
  author="Kennedy, Marc C. and O'Hagan, Anthony",
  journal="Journal of the Royal Statistical Society: Series B (Statistical Methodology)",
  volume="63",
  number="3",
  pages="425--464",
  year="2001",
  publisher="Wiley Online Library"
}

%The book of sensitivity analysis that talks about Sobol indices
@book{saltelli2000sensitivity,
  title="Sensitivity Analysis",
  author="Saltelli, Andrea and Chan, Karen and Scott, E. Marian and others",
  volume="1",
  year="2000",
  publisher="Wiley New York"
}

%Book on gaussian processes in machine  learning
@book{rasmussen2006gaussian,
  title="Gaussian Processes for Machine Learning",
  author="Rasmussen, Carl Edward",
  year="2006",
  publisher="The MIT Press"
}

%Article that talks about computer experiments with emphasis in space filling design

@article{pronzato2012design,
  title={Design of Computer Experiments: Space Filling and Beyond},
  author={Pronzato, Luc and M{\"u}ller, Werner G.},
  journal={Statistics and Computing},
  volume={22},
  number={3},
  pages={681--701},
  year={2012},
  publisher={Springer}
}


%Space filling designs using minimax and maximin

@article{johnson1990minimax,
  title={Minimax and Maximin Distance Designs},
  author={Johnson, Mark E. and Moore, Leslie M. and Ylvisaker, Donald},
  journal={Journal of Statistical Planning and Inference},
  volume={26},
  number={2},
  pages={131--148},
  year={1990},
  publisher={Elsevier}
}

%Rigurous GPs

@book{lifshits2012lectures,
  title={Lectures on Gaussian Processes},
  author={Lifshits, Mikhail},
  booktitle={Lectures on Gaussian Processes},
  pages={1--117},
  year={2012},
  publisher={Springer}
}


%Cool book in functional analysis

@book{bressan1900lecture,
  title={Lecture Notes on Functional Analysis},
  author={Bressan, Alberto},
  year={1900},
  publisher={American Mathematical Society}
}

%Book on Gaussian random functions

@book{lifshits2013gaussian,
  title={Gaussian Random Functions},
  author={Lifshits, Mikhail Anatolevich},
  volume={322},
  year={2013},
  publisher={Springer Science \& Business Media}
}

%Article that talks about DiceKriging


@article{dupuy2015dicedesign,
  title="DiceDesign and DiceEval: Two R packages for Design and Analysis of Computer Experiments",
  author="Dupuy, Delphine and Helbert, C{\'e}line and Franco, Jessica and others",
  journal="Journal of Statistical Software",
  volume="65",
  number="11",
  pages="1--38",
  year="2015",
  publisher="Foundation for Open Access Statistics"
}

%Reference on finite differences

@book{thomas2013numerical,
  title={Numerical Partial Differential Equations: Finite Difference Methods},
  author={Thomas, James William},
  volume={22},
  year={2013},
  publisher={Springer Science \& Business Media}
}

%Reference to dudley

@book{dudley2002real,
  title={Real Analysis and Probability},
  author={Dudley, Richard M},
  volume={74},
  year={2002},
  publisher={Cambridge University Press}
}

%Lebedev Book

@book{lebedev2012functional,
  title={Functional Analysis: Applications in Mechanics and Inverse Problems},
  author={Lebedev, Leonid P. and Vorovich, Iosif I. and Gladwell, Graham Maurice Leslie},
  volume={41},
  year={2012},
  publisher={Springer Science \& Business Media}
}

%Arnold's book for the physics part

@book{arnol2013mathematical,
  title={Mathematical Methods of Classical Mechanics},
  author={Arnol'd, Vladimir Igorevich},
  volume={60},
  year={2013},
  publisher={Springer Science \& Business Media}
}


%Survey on algorithms for experimental design  
@article{viana2010algorithm,
  title={An Algorithm for Fast Optimal Latin hypercube Design of Experiments},
  author={Viana, Felipe AC and Venter, Gerhard and Balabanov, Vladimir},
  journal={International Journal for Numerical Methods in Engineering},
  volume={82},
  number={2},
  pages={135--156},
  year={2010},
  publisher={Wiley Online Library}
}



%Paper by Sobol in Sobol indices.
@article{sobol1993sensitivity,
  title="Sensitivity Estimates for Non-linear Mathematical Models",
  author="Sobol, Ilya M",
  journal="Mathematical Modelling and Computational Experiments",
  volume="1",
  number="4",
  pages="407--414",
  year="1993"
}



%Best reference in measure theory
@book{lerner2014course,
  title={A Course on Integration Theory},
  author={Lerner, Nicolas and others},
  year={2014},
  publisher={Springer}
}

@book{murphy2012machine,
  title={Machine learning: a Probabilistic Perspective},
  author={Murphy, Kevin P},
  year={2012},
  publisher={MIT press}
}

%MCMC methods
@book{casella2008monte,
  title={Monte Carlo Statistical Methods},
  author={Casella, George},
  year={2008},
  publisher={Springer}
}


@book{adlergeometry,
  title={The Geometry of Random Fields. 1981},
  author={Adler, Robert J},
  publisher={John Wiley \& Sons}
}


@book{seinfeld1998atmospheric,
  title={Atmospheric Chemistry and Physics: From Air Pollution to Climate Change},
  author={Seinfeld, John H. and Pandis, Spyros N. and Noone, Kevin},
  year={1998},
  publisher={AIP}
}


@article{hosseini2016airborne,
  title={Airborne Contaminant Source Estimation Using a Finite-Volume Forward Solver Coupled with a Bayesian Inversion Approach},
  author={Hosseini, Bamdad and Stockie, John M.},
  journal={arXiv preprint arXiv:1607.03518},
  year={2016}
}


@article{monin1954basic,
  title={Basic Laws of Turbulent Mixing in the Surface Layer of the Atmosphere},
  author={Monin, AS and Obukhov, AMF},
  journal={Contrib. Geophys. Inst. Acad. Sci. USSR},
  volume={151},
  number={163},
  pages={e187},
  year={1954}
}



@book{logan2014applied,
  title={Applied Partial Differential Equations},
  author={Logan, J. David},
  year={2014},
  publisher={Springer}
}

%R packages

@article{DiceKriging,
    title = {{DiceKriging}, {DiceOptim}: Two {R} Packages for the Analysis of Computer Experiments by Kriging-Based Metamodeling and Optimization},
    author = {Olivier Roustant and David Ginsbourger and Yves Deville},
    journal = {Journal of Statistical Software},
    year = {2012},
    volume = {51},
    number = {1},
    pages = {1--55},
    url = {http://www.jstatsoft.org/v51/i01/},
 }

@manual{sensitivity,
    title = {Sensitivity: Global Sensitivity Analysis of Model Outputs},
    author = {Gilles Pujol and Bertrand Iooss and Alexandre Janon with contributions from Khalid Boumhaout and Sebastien Da Veiga and Jana Fruth and Laurent Gilquin and Joseph Guillaume and Loic Le Gratiet and Paul Lemaitre and Bernardo Ramos and Taieb Touati and Frank Weber},
    year = {2016},
    note = {R package version 1.12.1},
    url = {http://CRAN.R-project.org/package=sensitivity},
 }



@book{arora2015optimization,
  title={Optimization: Algorithms and Applications},
  author={Arora, Rajesh Kumar},
  year={2015},
  publisher={CRC Press}
}





%%%%%%%%%%%%%%%%%%%%%%%%References from the introduction %%%%%%%%%%%%%%%%%%%%%%%%%%%%%%%

%Talks about why environmental models are not precise
@article{chatwin1982use,
  title={The Use of Statistics in Describing and Predicting the Effects of Dispersing Gas Clouds},
  author={Chatwin, PC},
  journal={Journal of Hazardous Materials},
  volume={6},
  number={1-2},
  pages={213--230},
  year={1982},
  publisher={Elsevier}
}


%A review in atmospheric dispersion modeling
@article{leelHossy2014dispersion,
  title={Dispersion Modeling of Air Pollutants in the Atmosphere: a Review},
  author={Leel{\H{o}}ssy, {\'A}d{\'a}m and Moln{\'a}r, Ferenc and Izs{\'a}k, Ferenc and Havasi, {\'A}gnes and Lagzi, Istv{\'a}n and M{\'e}sz{\'a}ros, R{\'o}bert},
  journal={Open Geosciences},
  volume={6},
  number={3},
  pages={257--278},
  year={2014}
}


%Talks about uncertainty in atmospehric dispersion modeling
@article{rao2005uncertainty,
  title={Uncertainty Analysis in Atmospheric Dispersion Modeling},
  author={Rao, K Shankar},
  journal={Pure and Applied Geophysics},
  volume={162},
  number={10},
  pages={1893--1917},
  year={2005},
  publisher={Springer}
}

%The show that the metheorological input accounts for half the uncertaity in the output
@article{lewellen1989meteorological,
  title={Meteorological Data Needs for Modeling Air Quality Uncertainties},
  author={Lewellen, WS and Sykes, RI},
  journal={Journal of Atmospheric and Oceanic Technology},
  volume={6},
  number={5},
  pages={759--768},
  year={1989}
}


@article{enting1990inverse,
  title={Inverse Problems in Atmospheric Constituent Studies: II. Sources in the Free Atmosphere},
  author={Enting, IG and Newsam, GN},
  journal={Inverse Problems},
  volume={6},
  number={3},
  pages={349},
  year={1990},
  publisher={IOP Publishing}
}

 %First approach to use statistics to estimate sources
@article{lin2002relative,
  title={Relative Source Contribution Analysis Using an Air Trajectory Statistical Approach},
  author={Lin, Ching-Ho and Chang, Len-Fu W.},
  journal={Journal of Geophysical Research: Atmospheres},
  volume={107},
  number={D21},
  year={2002},
  publisher={Wiley Online Library}
}


@article{lushi2010inverse,
  title={An Inverse Gaussian Plume Approach for Estimating Atmospheric Pollutant Emissions from Multiple Point Sources},
  author={Lushi, Enkeleida and Stockie, John M.},
  journal={Atmospheric Environment},
  volume={44},
  number={8},
  pages={1097--1107},
  year={2010},
  publisher={Elsevier}
}


@article{skiba2003method,
  title={On a Method of Detecting the Industrial Plants which Violate Prescribed Emission Rates},
  author={Skiba, Yuri N.},
  journal={Ecological Modelling},
  volume={159},
  number={2},
  pages={125--132},
  year={2003},
  publisher={Elsevier}
}

@article{sohn2002rapidly,
  title={Rapidly Locating and Characterizing Pollutant Releases in Buildings},
  author={Sohn, Michael D. and Reynolds, Pamela and Singh, Navtej and Gadgil, Ashok J.},
  journal={Journal of the Air \& Waste Management Association},
  volume={52},
  number={12},
  pages={1422--1432},
  year={2002},
  publisher={Taylor \& Francis}
}

@article{hosseini2016bayesian,
  title={Bayesian Estimation of Airborne Fugitive Emissions Using a Gaussian Plume Model},
  author={Hosseini, Bamdad and Stockie, John M.},
  journal={Atmospheric Environment},
  volume={141},
  pages={122--138},
  year={2016},
  publisher={Elsevier}
}

@article{keats2007bayesian,
  title={Bayesian Inference for Source Determination with Applications to a Complex Urban Environment},
  author={Keats, Andrew and Yee, Eugene and Lien, Fue-Sang},
  journal={Atmospheric environment},
  volume={41},
  number={3},
  pages={465--479},
  year={2007},
  publisher={Elsevier}
}


@article{van1985estimation,
  title={Estimation of Atmospheric Boundary Layer Parameters for Diffusion Applications},
  author={Van Ulden, AP and Holtslag, AAM},
  journal={Journal of Climate and Applied Meteorology},
  volume={24},
  number={11},
  pages={1196--1207},
  year={1985}
}


@book{turner1994workbook,
  title={Workbook of Atmospheric Dispersion Estimates: an Introduction to Dispersion Modeling},
  author={Turner, D. Bruce},
  year={1994},
  publisher={CRC press}
}


%%%%%%%%%%%%%Outside the introduction %%%%%%%%%%%%%5

@article{roberts2009examples,
  title={Examples of Adaptive MCMC},
  author={Roberts, Gareth O. and Rosenthal, Jeffrey S.},
  journal={Journal of Computational and Graphical Statistics},
  volume={18},
  number={2},
  pages={349--367},
  year={2009},
  publisher={Taylor \& Francis}
}

@inproceedings{osborne2009gaussian,
  title={Gaussian Processes for Global Optimization},
  author={Osborne, Michael A. and Garnett, Roman and Roberts, Stephen J.},
  booktitle={3rd international conference on learning and intelligent optimization (LION3)},
  pages={1--15},
  year={2009}
}





@book{hubbard2015vector,
  title={Vector Calculus, Linear Algebra, and Differential Forms: a Unified Approach},
  author={Hubbard, John H. and Hubbard, Barbara Burke},
  year={2015},
  publisher={Matrix Editions}
}



@book{bulmer1979principles,
  title={Principles of Statistics},
  author={Bulmer, Michael George},
  year={1979},
  publisher={Courier Corporation}
}
